Time,Price,Volume
2016-02-29 09:30:00.977,136.9434,2694
2016-02-29 09:30:01.676,136.8836,949
2016-02-29 09:30:04.321,136.8954,4549
2016-02-29 09:30:13.601,137.0006,3777
2016-02-29 09:30:19.019,137.0877,3943
2016-02-29 09:30:27.766,137.0323,4635
2016-02-29 09:30:28.041,136.9569,942
2016-02-29 09:30:29.473,137.0576,3571
2016-02-29 09:30:37.091,137.1687,950
2016-02-29 09:30:39.740,137.0352,4557
2016-02-29 09:30:42.565,137.1216,2707
2016-02-29 09:30:46.721,137.0348,3266
2016-02-29 09:30:53.836,136.9105,3205
2016-02-29 09:31:00.734,136.835,70
2016-02-29 09:31:04.438,136.8366,3308
2016-02-29 09:31:12.232,136.9268,3474
2016-02-29 09:31:18.065,136.8321,40
2016-02-29 09:31:23.494,136.9697,4613
2016-02-29 09:31:29.069,136.8759,3244
2016-02-29 09:31:29.979,136.9772,4800
2016-02-29 09:31:33.550,136.8741,611
2016-02-29 09:31:38.878,136.9864,1641
2016-02-29 09:31:39.523,137.0924,962
2016-02-29 09:31:49.421,137.1978,2224
2016-02-29 09:31:59.295,137.1021,2909
2016-02-29 09:32:08.937,137.1023,4244
2016-02-29 09:32:10.188,137.165,4127
2016-02-29 09:32:13.523,137.1759,1031
2016-02-29 09:32:14.024,137.1733,486
2016-02-29 09:32:17.693,137.1754,871
2016-02-29 09:32:21.752,137.2797,196
2016-02-29 09:32:25.894,137.3375,1842
2016-02-29 09:32:28.754,137.3847,4633
2016-02-29 09:32:37.901,137.4214,4160
2016-02-29 09:32:45.490,137.5176,321
2016-02-29 09:32:49.184,137.4396,4649
2016-02-29 09:32:57.413,137.4029,65
2016-02-29 09:33:02.254,137.5051,878
2016-02-29 09:33:11.087,137.6392,4636
2016-02-29 09:33:18.946,137.7048,3375
2016-02-29 09:33:24.691,137.7157,1042
2016-02-29 09:33:30.514,137.6673,1325
2016-02-29 09:33:36.330,137.6478,868
2016-02-29 09:33:37.075,137.6251,2837
2016-02-29 09:33:42.097,137.5685,179
2016-02-29 09:33:49.315,137.6473,313
2016-02-29 09:33:51.028,137.566,4268
2016-02-29 09:33:53.143,137.7003,1824
2016-02-29 09:33:57.731,137.7268,4463
2016-02-29 09:34:04.416,137.6501,2221
2016-02-29 09:34:06.883,137.6579,4403
2016-02-29 09:34:14.004,137.627,728
2016-02-29 09:34:19.354,137.6359,1644
2016-02-29 09:34:25.489,137.6062,1857
2016-02-29 09:34:27.559,137.6027,3068
2016-02-29 09:34:31.676,137.6137,824
2016-02-29 09:34:35.914,137.5289,1550
2016-02-29 09:34:39.139,137.4135,2788
2016-02-29 09:34:47.394,137.3816,2100
2016-02-29 09:34:49.433,137.3754,4172
2016-02-29 09:34:52.185,137.3321,871
2016-02-29 09:34:58.205,137.3082,3188
2016-02-29 09:35:06.622,137.4453,947
2016-02-29 09:35:13.584,137.4416,4552
2016-02-29 09:35:19.392,137.3785,1322
2016-02-29 09:35:24.607,137.3447,3160
2016-02-29 09:35:33.243,137.2184,2913
2016-02-29 09:35:34.958,137.1956,2158
2016-02-29 09:35:37.051,137.1284,1501
2016-02-29 09:35:43.120,137.1099,990
2016-02-29 09:35:44.192,137.1539,4471
2016-02-29 09:35:49.835,137.0207,957
2016-02-29 09:35:59.801,137.0021,4182
2016-02-29 09:36:02.965,136.9393,3724
2016-02-29 09:36:11.075,136.8111,3940
2016-02-29 09:36:19.918,136.893,534
2016-02-29 09:36:25.241,136.9145,4178
2016-02-29 09:36:26.454,136.9789,4853
2016-02-29 09:36:30.488,137.1055,3800
2016-02-29 09:36:35.775,137.2376,3389
2016-02-29 09:36:36.804,137.1846,4761
2016-02-29 09:36:37.543,137.1725,463
2016-02-29 09:36:47.399,137.271,1766
2016-02-29 09:36:56.424,137.2917,1969
2016-02-29 09:36:57.427,137.1955,2882
2016-02-29 09:37:01.724,137.1019,3399
2016-02-29 09:37:11.455,137.0811,542
2016-02-29 09:37:19.406,136.9803,322
2016-02-29 09:37:26.688,136.9069,4402
2016-02-29 09:37:32.316,136.8476,3556
2016-02-29 09:37:33.151,136.7469,238
2016-02-29 09:37:34.389,136.8603,1593
2016-02-29 09:37:41.773,136.7824,1520
2016-02-29 09:37:45.493,136.7677,3555
2016-02-29 09:37:53.597,136.8532,4499
2016-02-29 09:38:02.180,136.9656,757
2016-02-29 09:38:08.707,136.8415,3577
2016-02-29 09:38:11.761,136.9043,4182
2016-02-29 09:38:14.637,136.8507,4421
2016-02-29 09:38:20.580,136.8079,2218
2016-02-29 09:38:24.641,136.8806,4643
2016-02-29 09:38:25.643,136.9304,1009
2016-02-29 09:38:26.970,136.9356,2394
2016-02-29 09:38:30.439,136.8443,4651
2016-02-29 09:38:31.248,136.7579,4489
2016-02-29 09:38:39.865,136.8621,3056
2016-02-29 09:38:41.958,136.958,2209
2016-02-29 09:38:47.931,137.0242,1595
2016-02-29 09:38:54.338,137.0298,3722
2016-02-29 09:38:54.914,137.0909,3237
2016-02-29 09:39:03.398,136.9601,3496
2016-02-29 09:39:05.550,136.8543,3785
2016-02-29 09:39:05.812,136.7865,3332
2016-02-29 09:39:12.549,136.7178,3396
2016-02-29 09:39:15.472,136.7967,1457
2016-02-29 09:39:16.098,136.7191,1340
2016-02-29 09:39:16.280,136.848,4733
2016-02-29 09:39:18.748,136.7961,729
2016-02-29 09:39:19.738,136.6611,546
2016-02-29 09:39:21.946,136.6784,540
2016-02-29 09:39:28.863,136.7203,4393
2016-02-29 09:39:37.836,136.7661,2562
2016-02-29 09:39:42.287,136.8385,789
2016-02-29 09:39:52.211,136.9427,3084
2016-02-29 09:39:52.536,136.8577,3789
2016-02-29 09:39:54.134,136.8111,674
2016-02-29 09:39:59.227,136.7734,277
2016-02-29 09:40:00.162,136.7091,4664
2016-02-29 09:40:02.484,136.6524,1479
2016-02-29 09:40:03.296,136.7425,3311
2016-02-29 09:40:09.592,136.6385,366
2016-02-29 09:40:13.458,136.5832,2128
2016-02-29 09:40:22.043,136.5478,478
2016-02-29 09:40:25.165,136.6022,2786
2016-02-29 09:40:27.380,136.7256,4723
2016-02-29 09:40:37.369,136.6345,4198
2016-02-29 09:40:45.424,136.5314,3733
2016-02-29 09:40:46.780,136.6422,1380
2016-02-29 09:40:50.363,136.6106,2890
2016-02-29 09:40:52.122,136.7399,2576
2016-02-29 09:40:56.262,136.866,3897
2016-02-29 09:41:01.656,136.943,2072
2016-02-29 09:41:07.953,136.9571,3109
2016-02-29 09:41:17.071,137.0839,3792
2016-02-29 09:41:21.092,137.0087,4810
2016-02-29 09:41:21.410,137.0986,492
2016-02-29 09:41:26.808,137.1281,2290
2016-02-29 09:41:31.890,137.179,4459
2016-02-29 09:41:37.084,137.289,4345
2016-02-29 09:41:43.882,137.177,4271
2016-02-29 09:41:52.690,137.0894,81
2016-02-29 09:41:59.645,137.0169,473
2016-02-29 09:42:03.399,137.0462,200
2016-02-29 09:42:08.455,137.0124,3574
2016-02-29 09:42:12.607,136.9507,2949
2016-02-29 09:42:16.233,137.058,3314
2016-02-29 09:42:18.960,137.1425,3355
2016-02-29 09:42:19.132,137.1272,2174
2016-02-29 09:42:26.058,137.1103,3138
2016-02-29 09:42:34.234,137.2305,613
2016-02-29 09:42:34.461,137.222,2274
2016-02-29 09:42:42.740,137.0872,1855
2016-02-29 09:42:51.547,137.1965,1350
2016-02-29 09:42:52.190,137.1854,2886
2016-02-29 09:42:54.639,137.2826,995
2016-02-29 09:42:57.004,137.2678,1122
2016-02-29 09:43:00.401,137.3269,4596
2016-02-29 09:43:08.459,137.3571,892
2016-02-29 09:43:17.719,137.4941,2667
2016-02-29 09:43:21.249,137.5679,421
2016-02-29 09:43:23.548,137.5966,3130
2016-02-29 09:43:29.802,137.6466,1739
2016-02-29 09:43:32.249,137.5969,4477
2016-02-29 09:43:34.891,137.6011,4296
2016-02-29 09:43:37.611,137.5159,3185
2016-02-29 09:43:42.568,137.4446,3642
2016-02-29 09:43:47.268,137.3976,4694
2016-02-29 09:43:55.314,137.3077,4781
2016-02-29 09:44:04.136,137.3324,798
2016-02-29 09:44:13.696,137.4466,4519
2016-02-29 09:44:16.601,137.3327,3812
2016-02-29 09:44:23.166,137.354,4828
2016-02-29 09:44:31.954,137.3564,3805
2016-02-29 09:44:37.669,137.4431,2078
2016-02-29 09:44:44.682,137.3921,4124
2016-02-29 09:44:44.889,137.3195,2536
2016-02-29 09:44:47.148,137.4497,2624
2016-02-29 09:44:56.717,137.4588,2565
2016-02-29 09:44:57.687,137.5762,4984
2016-02-29 09:45:00.703,137.6936,1335
2016-02-29 09:45:08.353,137.724,4753
2016-02-29 09:45:17.410,137.7398,115
2016-02-29 09:45:27.302,137.6782,2347
2016-02-29 09:45:32.880,137.7105,3033
2016-02-29 09:45:35.979,137.5865,4817
2016-02-29 09:45:41.152,137.5952,2297
2016-02-29 09:45:51.147,137.5528,1756
2016-02-29 09:45:55.524,137.5506,4056
2016-02-29 09:45:59.026,137.5813,387
2016-02-29 09:46:08.299,137.5679,4103
2016-02-29 09:46:16.978,137.5744,4726
2016-02-29 09:46:18.167,137.5919,3713
2016-02-29 09:46:19.362,137.7231,1260
2016-02-29 09:46:27.034,137.7358,1516
2016-02-29 09:46:30.641,137.862,4894
2016-02-29 09:46:35.825,137.8445,187
2016-02-29 09:46:37.681,137.9766,436
2016-02-29 09:46:40.351,137.8921,1272
2016-02-29 09:46:41.939,137.9432,834
2016-02-29 09:46:51.218,137.9529,1174
2016-02-29 09:46:58.105,137.9913,4934
2016-02-29 09:47:03.330,138.0597,3159
2016-02-29 09:47:11.224,138.143,1096
2016-02-29 09:47:19.358,138.2734,3089
2016-02-29 09:47:23.220,138.2423,1271
2016-02-29 09:47:23.357,138.1106,4135
2016-02-29 09:47:30.440,138.1674,1824
2016-02-29 09:47:38.331,138.2057,919
2016-02-29 09:47:46.947,138.1575,3644
2016-02-29 09:47:50.104,138.037,2630
2016-02-29 09:47:53.313,138.0767,2465
2016-02-29 09:47:55.297,137.9948,1046
2016-02-29 09:47:56.132,137.9122,1764
2016-02-29 09:48:05.774,138.0219,2416
2016-02-29 09:48:14.687,137.8894,4044
2016-02-29 09:48:18.126,137.9758,628
2016-02-29 09:48:20.922,138.0751,4837
2016-02-29 09:48:30.645,138.0275,1747
2016-02-29 09:48:33.117,137.9881,3879
2016-02-29 09:48:40.244,137.9985,2862
2016-02-29 09:48:49.730,138.0842,2032
2016-02-29 09:48:57.992,137.9752,1490
2016-02-29 09:49:06.834,137.9094,634
2016-02-29 09:49:15.498,137.8172,441
2016-02-29 09:49:16.832,137.855,404
2016-02-29 09:49:26.621,137.9932,4914
2016-02-29 09:49:35.647,138.0165,1745
2016-02-29 09:49:43.613,138.1016,4125
2016-02-29 09:49:46.043,138.1496,3943
2016-02-29 09:49:55.844,138.1825,3171
2016-02-29 09:49:59.319,138.1018,4700
2016-02-29 09:50:09.197,138.1902,4710
2016-02-29 09:50:13.763,138.2706,1765
2016-02-29 09:50:18.621,138.1793,3426
2016-02-29 09:50:25.126,138.1454,1326
2016-02-29 09:50:26.969,138.1352,4251
2016-02-29 09:50:36.071,138.1708,3643
2016-02-29 09:50:42.567,138.2642,2420
2016-02-29 09:50:51.207,138.3618,3187
2016-02-29 09:51:00.624,138.4461,1127
2016-02-29 09:51:08.801,138.5642,1847
2016-02-29 09:51:14.207,138.6662,1472
2016-02-29 09:51:22.833,138.5435,1432
2016-02-29 09:51:30.097,138.5937,635
2016-02-29 09:51:36.134,138.6819,312
2016-02-29 09:51:44.276,138.8063,4195
2016-02-29 09:51:46.740,138.939,1930
2016-02-29 09:51:47.843,138.9524,4671
2016-02-29 09:51:53.921,139.0767,2392
2016-02-29 09:52:00.535,138.961,1014
2016-02-29 09:52:00.565,138.8651,2832
2016-02-29 09:52:07.176,138.7356,2814
2016-02-29 09:52:10.858,138.7147,866
2016-02-29 09:52:20.736,138.7156,2456
2016-02-29 09:52:25.590,138.8451,4603
2016-02-29 09:52:30.127,138.7877,1199
2016-02-29 09:52:35.745,138.8334,1191
2016-02-29 09:52:39.930,138.9199,4938
2016-02-29 09:52:46.752,138.8948,2239
2016-02-29 09:52:56.350,138.938,2390
2016-02-29 09:52:58.576,138.9288,4503
2016-02-29 09:52:58.708,138.9793,1135
2016-02-29 09:53:02.081,138.9652,2365
2016-02-29 09:53:09.020,139.0234,3355
2016-02-29 09:53:11.799,139.0827,4408
2016-02-29 09:53:17.474,139.1772,2703
2016-02-29 09:53:26.829,139.0766,2032
2016-02-29 09:53:33.499,139.0894,2300
2016-02-29 09:53:41.722,139.0147,1159
2016-02-29 09:53:49.020,139.0788,4066
2016-02-29 09:53:51.527,139.0176,3013
2016-02-29 09:53:59.747,139.0468,452
2016-02-29 09:54:07.052,138.9531,1192
2016-02-29 09:54:12.400,138.8773,3898
2016-02-29 09:54:12.401,138.8987,2301
2016-02-29 09:54:13.836,138.9094,329
2016-02-29 09:54:14.391,138.8804,1351
2016-02-29 09:54:19.638,138.7811,2478
2016-02-29 09:54:24.985,138.7511,4290
2016-02-29 09:54:27.455,138.6764,1251
2016-02-29 09:54:28.630,138.813,3795
2016-02-29 09:54:29.559,138.9354,3317
2016-02-29 09:54:38.942,138.925,584
2016-02-29 09:54:48.251,138.9718,1163
2016-02-29 09:54:52.518,138.9266,1759
2016-02-29 09:55:00.926,138.9385,3197
2016-02-29 09:55:07.853,138.9911,2097
2016-02-29 09:55:16.554,138.9709,4356
2016-02-29 09:55:24.337,139.0639,4135
2016-02-29 09:55:28.650,139.158,3980
2016-02-29 09:55:32.771,139.069,3797
2016-02-29 09:55:36.838,138.9724,1615
2016-02-29 09:55:38.364,138.8384,160
2016-02-29 09:55:43.662,138.7681,4513
2016-02-29 09:55:49.659,138.6611,4291
2016-02-29 09:55:52.837,138.7026,2517
2016-02-29 09:56:01.305,138.759,4258
2016-02-29 09:56:04.883,138.7616,4737
2016-02-29 09:56:13.605,138.6866,330
2016-02-29 09:56:17.690,138.7408,4188
2016-02-29 09:56:24.035,138.6707,3154
2016-02-29 09:56:27.058,138.7624,3621
2016-02-29 09:56:31.147,138.6756,1105
2016-02-29 09:56:31.770,138.7453,165
2016-02-29 09:56:37.633,138.7794,2681
2016-02-29 09:56:39.813,138.728,213
2016-02-29 09:56:42.835,138.7552,940
2016-02-29 09:56:46.421,138.6581,841
2016-02-29 09:56:53.282,138.5611,3834
2016-02-29 09:56:56.403,138.5823,4881
2016-02-29 09:57:04.635,138.5223,3533
2016-02-29 09:57:07.770,138.6361,675
2016-02-29 09:57:17.694,138.7323,552
2016-02-29 09:57:24.898,138.6087,3745
2016-02-29 09:57:26.988,138.7163,2473
2016-02-29 09:57:31.459,138.7392,201
2016-02-29 09:57:38.430,138.7265,3137
2016-02-29 09:57:47.048,138.7672,2009
2016-02-29 09:57:48.761,138.8922,4394
2016-02-29 09:57:53.318,138.7963,333
2016-02-29 09:57:55.881,138.7565,4203
2016-02-29 09:58:01.517,138.658,2521
2016-02-29 09:58:07.740,138.7263,4527
2016-02-29 09:58:09.137,138.7983,2193
2016-02-29 09:58:16.881,138.7075,177
2016-02-29 09:58:18.536,138.7689,2227
2016-02-29 09:58:19.515,138.6558,798
2016-02-29 09:58:28.767,138.6926,948
2016-02-29 09:58:32.756,138.7588,2263
2016-02-29 09:58:35.803,138.8837,398
2016-02-29 09:58:41.080,138.8151,131
2016-02-29 09:58:44.981,138.6928,4160
2016-02-29 09:58:47.069,138.8037,3895
2016-02-29 09:58:53.052,138.8471,1533
2016-02-29 09:59:01.452,138.8756,3497
2016-02-29 09:59:01.874,138.8751,4324
2016-02-29 09:59:11.053,138.8902,4662
2016-02-29 09:59:15.287,138.8288,3252
2016-02-29 09:59:18.273,138.962,2702
2016-02-29 09:59:19.116,138.8784,3592
2016-02-29 09:59:20.539,138.8439,767
2016-02-29 09:59:24.225,138.8098,1111
2016-02-29 09:59:29.734,138.789,240
2016-02-29 09:59:36.847,138.8419,2522
2016-02-29 09:59:44.888,138.7049,4679
2016-02-29 09:59:54.554,138.7314,1210
2016-02-29 10:00:03.408,138.849,267
2016-02-29 10:00:07.559,138.9362,4033
2016-02-29 10:00:08.855,138.8243,2706
2016-02-29 10:00:11.000,138.8785,4111
2016-02-29 10:00:17.935,138.8535,4171
2016-02-29 10:00:27.284,138.8863,73
2016-02-29 10:00:29.063,138.8623,1673
2016-02-29 10:00:30.834,138.8832,1315
2016-02-29 10:00:34.483,138.7539,1460
2016-02-29 10:00:42.241,138.8454,4517
2016-02-29 10:00:43.997,138.8247,934
2016-02-29 10:00:48.798,138.9591,3486
2016-02-29 10:00:51.966,139.0226,415
2016-02-29 10:00:53.444,139.1403,32
2016-02-29 10:00:58.758,139.1961,4207
2016-02-29 10:01:04.279,139.3259,3224
2016-02-29 10:01:13.400,139.1927,1737
2016-02-29 10:01:14.433,139.1748,255
2016-02-29 10:01:20.042,139.2285,2680
2016-02-29 10:01:27.107,139.261,1624
2016-02-29 10:01:28.979,139.2651,4708
2016-02-29 10:01:37.370,139.2487,4964
2016-02-29 10:01:45.413,139.2592,4064
2016-02-29 10:01:51.331,139.3331,2845
2016-02-29 10:01:52.693,139.2722,265
2016-02-29 10:01:54.635,139.1418,4353
2016-02-29 10:02:04.632,139.08,1128
2016-02-29 10:02:10.632,139.0831,956
2016-02-29 10:02:11.738,139.1579,3346
2016-02-29 10:02:19.266,139.0739,4948
2016-02-29 10:02:23.472,138.9534,4676
2016-02-29 10:02:24.747,138.9781,412
2016-02-29 10:02:27.341,138.9944,1577
2016-02-29 10:02:36.069,138.92,1495
2016-02-29 10:02:43.053,139.0112,1974
2016-02-29 10:02:45.615,138.9692,460
2016-02-29 10:02:52.605,139.0699,3090
2016-02-29 10:03:01.053,138.9923,2304
2016-02-29 10:03:04.468,138.8702,4469
2016-02-29 10:03:05.369,138.9445,2277
2016-02-29 10:03:08.803,138.8708,165
2016-02-29 10:03:14.443,139.0072,3607
2016-02-29 10:03:19.554,139.1213,2719
2016-02-29 10:03:25.431,138.9985,3731
2016-02-29 10:03:29.069,138.9881,902
2016-02-29 10:03:34.793,138.8798,267
2016-02-29 10:03:36.416,139.0035,1841
2016-02-29 10:03:37.415,139.1033,229
2016-02-29 10:03:47.327,139.0089,4010
2016-02-29 10:03:56.069,139.1444,4841
2016-02-29 10:03:57.719,139.2591,1604
2016-02-29 10:03:58.285,139.2568,951
2016-02-29 10:03:59.079,139.1374,132
2016-02-29 10:04:05.855,139.0678,173
2016-02-29 10:04:09.325,139.1722,4814
2016-02-29 10:04:11.988,139.1449,3224
2016-02-29 10:04:18.912,139.2663,3602
2016-02-29 10:04:25.086,139.1988,2335
2016-02-29 10:04:25.976,139.1095,132
2016-02-29 10:04:30.972,139.1054,4477
2016-02-29 10:04:37.969,139.198,1984
2016-02-29 10:04:44.971,139.227,1160
2016-02-29 10:04:51.705,139.1111,1548
2016-02-29 10:04:59.343,139.1246,10
2016-02-29 10:05:05.750,139.0464,1736
2016-02-29 10:05:08.910,138.9405,3901
2016-02-29 10:05:16.893,139.0301,2343
2016-02-29 10:05:25.164,139.1488,2760
2016-02-29 10:05:26.509,139.0996,1655
2016-02-29 10:05:27.944,138.9903,1832
2016-02-29 10:05:30.450,139.0774,2106
2016-02-29 10:05:33.687,139.0993,2004
2016-02-29 10:05:34.470,139.1349,3762
2016-02-29 10:05:38.662,139.1501,446
2016-02-29 10:05:47.951,139.0555,2530
2016-02-29 10:05:54.720,139.1588,4849
2016-02-29 10:05:58.885,139.0326,4878
2016-02-29 10:06:08.214,138.9068,1123
2016-02-29 10:06:10.052,138.9294,683
2016-02-29 10:06:16.948,138.9723,3450
2016-02-29 10:06:19.114,139.0216,4937
2016-02-29 10:06:19.427,138.9023,3568
2016-02-29 10:06:20.247,139.0028,62
2016-02-29 10:06:25.072,138.9644,1592
2016-02-29 10:06:35.057,138.9051,1918
2016-02-29 10:06:42.768,138.793,2597
2016-02-29 10:06:49.096,138.8299,192
2016-02-29 10:06:51.048,138.7416,1120
2016-02-29 10:06:56.341,138.8464,1289
2016-02-29 10:07:04.368,138.9458,2708
2016-02-29 10:07:07.148,138.9122,2477
2016-02-29 10:07:07.195,138.9334,159
2016-02-29 10:07:12.224,138.9513,1739
2016-02-29 10:07:20.571,139.0669,110
2016-02-29 10:07:22.472,139.1711,4321
2016-02-29 10:07:23.588,139.2567,4414
2016-02-29 10:07:28.695,139.3713,387
2016-02-29 10:07:29.300,139.5108,2493
2016-02-29 10:07:29.378,139.5232,4661
2016-02-29 10:07:34.820,139.4793,4526
2016-02-29 10:07:35.676,139.3414,4494
2016-02-29 10:07:43.063,139.3549,4761
2016-02-29 10:07:45.818,139.2229,1957
2016-02-29 10:07:52.710,139.18,1579
2016-02-29 10:07:56.741,139.1371,2260
2016-02-29 10:07:59.851,139.2474,1277
2016-02-29 10:08:09.828,139.1493,1167
2016-02-29 10:08:12.087,139.0748,676
2016-02-29 10:08:13.878,139.1731,3875
2016-02-29 10:08:19.254,139.2166,3182
2016-02-29 10:08:28.856,139.1645,4483
2016-02-29 10:08:36.249,139.1983,1659
2016-02-29 10:08:38.938,139.183,2116
2016-02-29 10:08:43.318,139.0521,489
2016-02-29 10:08:48.647,138.968,1659
2016-02-29 10:08:50.906,138.9009,1068
2016-02-29 10:08:53.607,139.04,461
2016-02-29 10:08:53.975,139.0299,294
2016-02-29 10:08:58.277,139.0735,351
2016-02-29 10:09:04.761,139.041,1950
2016-02-29 10:09:04.949,138.9046,2483
2016-02-29 10:09:12.193,138.8253,996
2016-02-29 10:09:20.123,138.8217,3663
2016-02-29 10:09:21.846,138.8502,2692
2016-02-29 10:09:28.462,138.8917,4353
2016-02-29 10:09:31.196,138.9074,4348
2016-02-29 10:09:39.932,138.8108,419
2016-02-29 10:09:40.485,138.868,2870
2016-02-29 10:09:47.046,138.8456,1474
2016-02-29 10:09:56.703,138.9791,481
2016-02-29 10:10:04.924,139.0913,4069
2016-02-29 10:10:05.445,139.1599,3898
2016-02-29 10:10:06.004,139.0574,2662
2016-02-29 10:10:07.970,139.0249,4644
2016-02-29 10:10:17.552,138.9568,3221
2016-02-29 10:10:24.661,138.9541,627
2016-02-29 10:10:28.815,138.8224,864
2016-02-29 10:10:32.958,138.7622,2948
2016-02-29 10:10:37.931,138.668,99
2016-02-29 10:10:40.155,138.6106,2258
2016-02-29 10:10:49.610,138.6022,2754
2016-02-29 10:10:58.181,138.5275,3236
2016-02-29 10:11:05.903,138.6474,1622
2016-02-29 10:11:09.337,138.6999,1895
2016-02-29 10:11:11.112,138.8006,903
2016-02-29 10:11:14.375,138.9285,3680
2016-02-29 10:11:14.635,138.8159,1338
2016-02-29 10:11:19.150,138.944,1866
2016-02-29 10:11:21.939,138.8434,2202
2016-02-29 10:11:29.531,138.9528,1472
2016-02-29 10:11:35.627,139.0106,3490
2016-02-29 10:11:36.722,138.9709,3706
2016-02-29 10:11:38.450,139.1067,1491
2016-02-29 10:11:41.613,139.0601,1041
2016-02-29 10:11:50.794,139.1359,4204
2016-02-29 10:12:00.034,139.012,2085
2016-02-29 10:12:00.135,138.915,1594
2016-02-29 10:12:07.876,138.9596,4743
2016-02-29 10:12:11.659,138.8497,688
2016-02-29 10:12:12.195,138.8439,4562
2016-02-29 10:12:14.178,138.765,3533
2016-02-29 10:12:19.497,138.8521,3320
2016-02-29 10:12:25.913,138.8952,776
2016-02-29 10:12:27.399,138.8538,3078
2016-02-29 10:12:31.930,138.7285,998
2016-02-29 10:12:40.569,138.6959,1588
2016-02-29 10:12:46.879,138.6799,3964
2016-02-29 10:12:54.717,138.8049,2891
2016-02-29 10:12:56.734,138.8725,4453
2016-02-29 10:13:05.745,138.7814,2219
2016-02-29 10:13:15.529,138.7447,698
2016-02-29 10:13:24.910,138.6892,2973
2016-02-29 10:13:34.795,138.8225,1163
2016-02-29 10:13:35.447,138.7348,1030
2016-02-29 10:13:37.918,138.6274,3817
2016-02-29 10:13:45.046,138.7068,306
2016-02-29 10:13:45.053,138.7808,3309
2016-02-29 10:13:48.930,138.646,4362
2016-02-29 10:13:49.126,138.7123,3801
2016-02-29 10:13:56.270,138.7675,3491
2016-02-29 10:13:59.088,138.7727,1839
2016-02-29 10:14:05.207,138.831,1064
2016-02-29 10:14:10.223,138.8562,2766
2016-02-29 10:14:13.395,138.9234,3593
2016-02-29 10:14:13.916,138.8177,2487
2016-02-29 10:14:18.667,138.8796,1205
2016-02-29 10:14:25.308,138.8234,1234
2016-02-29 10:14:33.593,138.9371,1944
2016-02-29 10:14:36.310,138.8464,1770
2016-02-29 10:14:44.939,138.7404,4065
2016-02-29 10:14:49.609,138.7787,2985
2016-02-29 10:14:54.317,138.8954,3485
2016-02-29 10:14:55.457,138.9177,3742
2016-02-29 10:14:56.060,138.8445,4092
2016-02-29 10:15:05.971,138.8275,1007
2016-02-29 10:15:09.768,138.9255,2143
2016-02-29 10:15:12.193,139.0277,3126
2016-02-29 10:15:18.356,139.1112,913
2016-02-29 10:15:21.466,139.0199,3593
2016-02-29 10:15:25.895,139.0657,1451
2016-02-29 10:15:32.143,138.9734,1017
2016-02-29 10:15:36.701,139.0262,2601
2016-02-29 10:15:38.282,139.1241,3746
2016-02-29 10:15:40.014,139.0071,3774
2016-02-29 10:15:43.844,138.9757,4231
2016-02-29 10:15:48.399,139.1012,4292
2016-02-29 10:15:52.318,139.0976,3878
2016-02-29 10:15:59.956,139.0908,183
2016-02-29 10:16:01.392,138.9557,2660
2016-02-29 10:16:04.122,138.8967,3100
2016-02-29 10:16:11.588,138.8019,2057
2016-02-29 10:16:13.677,138.8306,896
2016-02-29 10:16:22.494,138.7162,2379
2016-02-29 10:16:23.638,138.8097,3769
2016-02-29 10:16:30.409,138.8915,3306
2016-02-29 10:16:34.814,138.8463,4081
2016-02-29 10:16:44.478,138.893,3775
2016-02-29 10:16:46.784,138.9256,1335
2016-02-29 10:16:47.895,138.8313,1926
2016-02-29 10:16:50.958,138.7588,1709
2016-02-29 10:16:51.824,138.6261,4563
2016-02-29 10:16:56.839,138.7399,3712
2016-02-29 10:16:57.162,138.6266,505
2016-02-29 10:17:03.107,138.6519,804
2016-02-29 10:17:08.006,138.6236,2623
2016-02-29 10:17:17.604,138.6668,1634
2016-02-29 10:17:21.844,138.5733,4121
2016-02-29 10:17:24.904,138.5118,703
2016-02-29 10:17:30.166,138.6019,799
2016-02-29 10:17:34.233,138.696,4544
2016-02-29 10:17:39.771,138.8299,2426
2016-02-29 10:17:40.928,138.7791,4513
2016-02-29 10:17:50.110,138.7962,140
2016-02-29 10:17:52.074,138.6617,691
2016-02-29 10:17:55.473,138.5751,1084
2016-02-29 10:17:56.089,138.6811,1192
2016-02-29 10:18:00.172,138.607,1290
2016-02-29 10:18:00.422,138.7202,1991
2016-02-29 10:18:07.822,138.828,4883
2016-02-29 10:18:15.066,138.8281,90
2016-02-29 10:18:20.677,138.7528,4725
2016-02-29 10:18:25.167,138.7465,4168
2016-02-29 10:18:27.574,138.7796,2790
2016-02-29 10:18:33.166,138.6818,1346
2016-02-29 10:18:34.498,138.794,238
2016-02-29 10:18:41.458,138.8033,1748
2016-02-29 10:18:44.729,138.6899,2326
2016-02-29 10:18:46.303,138.7168,119
2016-02-29 10:18:52.388,138.7825,1385
2016-02-29 10:19:02.017,138.7793,3988
2016-02-29 10:19:06.026,138.687,4901
2016-02-29 10:19:08.872,138.8243,1550
2016-02-29 10:19:12.020,138.8489,3189
2016-02-29 10:19:12.551,138.8815,392
2016-02-29 10:19:19.087,138.9931,1498
2016-02-29 10:19:22.941,139.0923,1576
2016-02-29 10:19:25.953,139.0707,4121
2016-02-29 10:19:33.689,138.9371,4730
2016-02-29 10:19:39.942,139.0073,474
2016-02-29 10:19:46.010,138.8753,4349
2016-02-29 10:19:46.601,138.8694,731
2016-02-29 10:19:53.472,138.8801,179
2016-02-29 10:20:01.159,138.7766,3186
2016-02-29 10:20:07.488,138.8943,4860
2016-02-29 10:20:07.953,138.7826,356
2016-02-29 10:20:11.947,138.7195,4063
2016-02-29 10:20:17.955,138.6459,4118
2016-02-29 10:20:18.919,138.7366,1583
2016-02-29 10:20:26.941,138.6003,1488
2016-02-29 10:20:32.551,138.6182,1584
2016-02-29 10:20:33.318,138.7308,66
2016-02-29 10:20:38.724,138.6491,2841
2016-02-29 10:20:39.063,138.5652,1835
2016-02-29 10:20:44.411,138.4995,430
2016-02-29 10:20:44.893,138.6264,339
2016-02-29 10:20:49.402,138.7165,2262
2016-02-29 10:20:54.475,138.7544,2714
2016-02-29 10:20:59.336,138.638,835
2016-02-29 10:21:06.391,138.5366,2576
2016-02-29 10:21:07.988,138.4149,155
2016-02-29 10:21:08.015,138.2824,1920
2016-02-29 10:21:09.433,138.2275,4447
2016-02-29 10:21:17.417,138.3505,3554
2016-02-29 10:21:21.185,138.2152,2545
2016-02-29 10:21:31.181,138.2912,2627
2016-02-29 10:21:31.483,138.2217,3878
2016-02-29 10:21:39.195,138.0909,444
2016-02-29 10:21:40.745,138.1631,2448
2016-02-29 10:21:45.149,138.1484,3342
2016-02-29 10:21:50.747,138.1636,4114
2016-02-29 10:21:59.292,138.1949,483
2016-02-29 10:22:03.197,138.1551,910
2016-02-29 10:22:11.245,138.2046,536
2016-02-29 10:22:19.079,138.2901,900
2016-02-29 10:22:27.645,138.2106,1536
2016-02-29 10:22:33.454,138.0888,4571
2016-02-29 10:22:41.560,138.1712,1352
2016-02-29 10:22:47.269,138.0591,703
2016-02-29 10:22:51.511,137.9984,399
2016-02-29 10:22:56.208,137.8761,1989
2016-02-29 10:23:02.838,137.9142,379
2016-02-29 10:23:08.432,137.9976,2727
2016-02-29 10:23:10.466,138.0927,3147
2016-02-29 10:23:16.145,138.177,2895
2016-02-29 10:23:23.671,138.2211,1924
2016-02-29 10:23:27.835,138.1788,436
2016-02-29 10:23:37.759,138.2955,2815
2016-02-29 10:23:43.804,138.2126,4640
2016-02-29 10:23:48.710,138.3159,1944
2016-02-29 10:23:53.924,138.3753,2884
2016-02-29 10:23:57.399,138.406,4959
2016-02-29 10:23:58.822,138.4334,1127
2016-02-29 10:24:02.216,138.3474,1395
2016-02-29 10:24:08.593,138.314,4778
2016-02-29 10:24:12.924,138.3458,2066
2016-02-29 10:24:20.012,138.4183,2610
2016-02-29 10:24:25.852,138.4307,3321
2016-02-29 10:24:33.286,138.3589,3351
2016-02-29 10:24:37.959,138.3196,3382
2016-02-29 10:24:42.260,138.3551,3765
2016-02-29 10:24:46.095,138.3704,1168
2016-02-29 10:24:47.839,138.5024,1623
2016-02-29 10:24:51.250,138.4733,1898
2016-02-29 10:24:54.394,138.5818,2123
2016-02-29 10:25:02.752,138.6172,4354
2016-02-29 10:25:04.822,138.5651,416
2016-02-29 10:25:12.357,138.6187,427
2016-02-29 10:25:15.719,138.607,2646
2016-02-29 10:25:22.079,138.5144,1118
2016-02-29 10:25:29.171,138.5726,3633
2016-02-29 10:25:36.980,138.6689,74
2016-02-29 10:25:37.068,138.6466,4759
2016-02-29 10:25:43.962,138.6873,2652
2016-02-29 10:25:51.040,138.656,1025
2016-02-29 10:25:52.713,138.5825,4405
2016-02-29 10:25:57.107,138.4886,3373
2016-02-29 10:26:06.941,138.5938,4538
2016-02-29 10:26:10.702,138.5104,3894
2016-02-29 10:26:12.542,138.5868,4665
2016-02-29 10:26:16.316,138.538,3975
2016-02-29 10:26:19.810,138.559,4288
2016-02-29 10:26:28.999,138.5103,10
2016-02-29 10:26:33.160,138.5963,1350
2016-02-29 10:26:35.040,138.624,3575
2016-02-29 10:26:42.994,138.491,2829
2016-02-29 10:26:46.729,138.5301,998
2016-02-29 10:26:55.031,138.4498,4110
2016-02-29 10:26:58.757,138.4168,1085
2016-02-29 10:27:00.694,138.3851,2662
2016-02-29 10:27:05.230,138.3348,3823
2016-02-29 10:27:10.760,138.4638,203
2016-02-29 10:27:17.657,138.4218,1840
2016-02-29 10:27:22.698,138.443,2143
2016-02-29 10:27:22.941,138.5424,4673
2016-02-29 10:27:23.903,138.62,4715
2016-02-29 10:27:32.057,138.6855,1088
2016-02-29 10:27:40.373,138.6617,2734
2016-02-29 10:27:45.520,138.7755,309
2016-02-29 10:27:54.333,138.715,4973
2016-02-29 10:27:56.400,138.75,1936
2016-02-29 10:27:59.863,138.8753,2750
2016-02-29 10:28:03.317,138.8162,2586
2016-02-29 10:28:04.591,138.7826,656
2016-02-29 10:28:09.253,138.7389,2952
2016-02-29 10:28:09.713,138.8533,2310
2016-02-29 10:28:11.468,138.774,915
2016-02-29 10:28:14.777,138.8523,1109
2016-02-29 10:28:21.343,138.9405,4785
2016-02-29 10:28:28.542,138.8341,1370
2016-02-29 10:28:36.269,138.815,1421
2016-02-29 10:28:42.132,138.7922,4157
2016-02-29 10:28:50.839,138.9168,3403
2016-02-29 10:28:54.561,138.7875,851
2016-02-29 10:29:03.218,138.8579,3799
2016-02-29 10:29:08.538,138.8757,2956
2016-02-29 10:29:11.911,138.7865,2431
2016-02-29 10:29:14.966,138.666,1102
2016-02-29 10:29:20.752,138.8047,2606
2016-02-29 10:29:28.153,138.8994,2102
2016-02-29 10:29:32.372,138.8675,1330
2016-02-29 10:29:35.754,138.9791,3090
2016-02-29 10:29:38.132,138.9543,1959
2016-02-29 10:29:38.475,138.9089,779
2016-02-29 10:29:45.055,138.9256,2111
2016-02-29 10:29:52.968,139.0433,4946
2016-02-29 10:29:57.771,139.1053,4924
2016-02-29 10:30:03.039,139.2106,3190
2016-02-29 10:30:07.542,139.3424,1324
2016-02-29 10:30:11.206,139.2645,423
2016-02-29 10:30:19.204,139.249,3615
2016-02-29 10:30:21.174,139.3412,4336
2016-02-29 10:30:26.738,139.2961,128
2016-02-29 10:30:31.635,139.2331,1619
2016-02-29 10:30:40.057,139.2658,4007
2016-02-29 10:30:41.734,139.4038,3716
2016-02-29 10:30:49.506,139.3954,4082
2016-02-29 10:30:56.681,139.5206,4704
2016-02-29 10:30:59.045,139.5098,762
2016-02-29 10:31:08.611,139.5442,2313
2016-02-29 10:31:13.469,139.4301,4741
2016-02-29 10:31:19.152,139.4786,831
2016-02-29 10:31:21.671,139.4382,4079
2016-02-29 10:31:22.464,139.4326,4570
2016-02-29 10:31:26.174,139.3956,3181
2016-02-29 10:31:28.201,139.4044,4539
2016-02-29 10:31:28.881,139.3344,4112
2016-02-29 10:31:38.493,139.348,4933
2016-02-29 10:31:42.338,139.2886,1898
2016-02-29 10:31:47.844,139.3147,767
2016-02-29 10:31:51.332,139.4517,1121
2016-02-29 10:31:58.334,139.5703,1779
2016-02-29 10:32:06.166,139.696,211
2016-02-29 10:32:10.581,139.8069,3859
2016-02-29 10:32:17.763,139.79,485
2016-02-29 10:32:20.874,139.6639,4537
2016-02-29 10:32:22.064,139.6567,1377
2016-02-29 10:32:28.162,139.6782,1259
2016-02-29 10:32:29.578,139.6024,81
2016-02-29 10:32:37.431,139.6903,4141
2016-02-29 10:32:46.534,139.6693,2021
2016-02-29 10:32:52.862,139.7459,1293
2016-02-29 10:32:58.328,139.7385,4867
2016-02-29 10:33:01.945,139.6353,2803
2016-02-29 10:33:02.452,139.7152,3621
2016-02-29 10:33:05.449,139.6956,2809
2016-02-29 10:33:12.904,139.7059,1670
2016-02-29 10:33:15.895,139.5878,4967
2016-02-29 10:33:21.156,139.4818,1758
2016-02-29 10:33:25.674,139.5512,359
2016-02-29 10:33:32.820,139.5772,2228
2016-02-29 10:33:33.232,139.6442,258
2016-02-29 10:33:37.539,139.5147,2937
2016-02-29 10:33:41.249,139.4092,4789
2016-02-29 10:33:45.093,139.4716,2398
2016-02-29 10:33:45.455,139.5406,3186
2016-02-29 10:33:50.628,139.4533,2752
2016-02-29 10:33:54.619,139.3977,2767
2016-02-29 10:34:02.088,139.3721,2957
2016-02-29 10:34:08.052,139.3659,1372
2016-02-29 10:34:09.476,139.2631,2052
2016-02-29 10:34:14.999,139.2907,3903
2016-02-29 10:34:24.222,139.2501,284
2016-02-29 10:34:32.787,139.3651,4075
2016-02-29 10:34:37.297,139.3263,680
2016-02-29 10:34:38.709,139.243,3395
2016-02-29 10:34:44.918,139.3799,3972
2016-02-29 10:34:47.685,139.3107,1985
2016-02-29 10:34:57.179,139.4358,4074
2016-02-29 10:35:00.116,139.4578,4624
2016-02-29 10:35:04.595,139.3561,305
2016-02-29 10:35:06.876,139.4682,4510
2016-02-29 10:35:07.128,139.3853,1493
2016-02-29 10:35:15.094,139.3987,1826
2016-02-29 10:35:24.877,139.5078,2807
2016-02-29 10:35:34.100,139.6426,1111
2016-02-29 10:35:34.400,139.6088,2063
2016-02-29 10:35:38.491,139.5791,2452
2016-02-29 10:35:38.780,139.512,4986
2016-02-29 10:35:44.244,139.5426,245
2016-02-29 10:35:46.557,139.4663,3586
2016-02-29 10:35:56.391,139.5742,3606
2016-02-29 10:36:02.548,139.4818,1726
2016-02-29 10:36:06.403,139.5644,1688
2016-02-29 10:36:13.807,139.563,4792
2016-02-29 10:36:14.390,139.6106,1701
2016-02-29 10:36:23.753,139.6473,2567
2016-02-29 10:36:32.266,139.7418,3373
2016-02-29 10:36:34.114,139.8266,3944
2016-02-29 10:36:38.883,139.8609,3441
2016-02-29 10:36:48.757,139.8086,1915
2016-02-29 10:36:53.697,139.9022,4369
2016-02-29 10:37:02.992,139.7692,902
2016-02-29 10:37:11.924,139.7302,3599
2016-02-29 10:37:15.225,139.7572,2722
2016-02-29 10:37:24.809,139.8379,1702
2016-02-29 10:37:34.433,139.8514,3267
2016-02-29 10:37:38.550,139.9695,1065
2016-02-29 10:37:42.630,139.9799,4007
2016-02-29 10:37:45.045,140.0982,745
2016-02-29 10:37:46.489,139.9689,884
2016-02-29 10:37:47.804,139.9982,364
2016-02-29 10:37:48.435,139.9192,1769
2016-02-29 10:37:56.270,139.8492,4704
2016-02-29 10:37:56.510,139.8838,4883
2016-02-29 10:38:02.164,139.8914,1483
2016-02-29 10:38:11.959,139.9322,1665
2016-02-29 10:38:13.415,139.8694,3597
2016-02-29 10:38:18.239,139.8395,4265
2016-02-29 10:38:19.018,139.7276,1874
2016-02-29 10:38:19.317,139.8463,1697
2016-02-29 10:38:19.532,139.7658,1750
2016-02-29 10:38:21.167,139.6437,1119
2016-02-29 10:38:24.740,139.5087,4185
2016-02-29 10:38:30.375,139.4819,2217
2016-02-29 10:38:37.563,139.4918,736
2016-02-29 10:38:42.006,139.4236,2231
2016-02-29 10:38:45.659,139.3597,1142
2016-02-29 10:38:51.242,139.4841,374
2016-02-29 10:39:00.892,139.355,2311
2016-02-29 10:39:02.754,139.2579,3663
2016-02-29 10:39:03.280,139.1567,2865
2016-02-29 10:39:08.289,139.1274,1778
2016-02-29 10:39:08.624,139.2301,4640
2016-02-29 10:39:14.781,139.3394,103
2016-02-29 10:39:14.946,139.3267,154
2016-02-29 10:39:23.794,139.2906,3573
2016-02-29 10:39:32.551,139.2236,540
2016-02-29 10:39:42.340,139.2535,1990
2016-02-29 10:39:47.550,139.167,544
2016-02-29 10:39:56.235,139.2197,3759
2016-02-29 10:40:04.043,139.2167,4639
2016-02-29 10:40:07.858,139.1695,987
2016-02-29 10:40:13.515,139.1643,3260
2016-02-29 10:40:21.764,139.1564,3391
2016-02-29 10:40:31.654,139.088,3469
2016-02-29 10:40:34.853,139.0676,1458
2016-02-29 10:40:38.353,139.0554,380
2016-02-29 10:40:43.934,139.1838,3800
2016-02-29 10:40:44.160,139.3175,1493
2016-02-29 10:40:44.466,139.1995,3918
2016-02-29 10:40:48.915,139.1557,2292
2016-02-29 10:40:50.012,139.2312,4125
2016-02-29 10:40:55.056,139.2486,1700
2016-02-29 10:40:59.952,139.3102,2868
2016-02-29 10:41:09.126,139.4086,2999
2016-02-29 10:41:16.284,139.3629,2139
2016-02-29 10:41:21.469,139.5025,441
2016-02-29 10:41:24.874,139.6166,2078
2016-02-29 10:41:25.772,139.7172,1151
2016-02-29 10:41:26.174,139.8426,3797
2016-02-29 10:41:34.541,139.7919,743
2016-02-29 10:41:34.694,139.8259,4920
2016-02-29 10:41:44.573,139.8322,2607
2016-02-29 10:41:45.354,139.7049,1076
2016-02-29 10:41:49.768,139.6228,1779
2016-02-29 10:41:50.963,139.6456,2649
2016-02-29 10:41:53.122,139.7622,2021
2016-02-29 10:42:00.748,139.6857,4253
2016-02-29 10:42:06.588,139.6739,213
2016-02-29 10:42:14.963,139.6305,2168
2016-02-29 10:42:23.087,139.5501,446
2016-02-29 10:42:32.209,139.5613,445
2016-02-29 10:42:38.306,139.4293,2764
2016-02-29 10:42:48.306,139.3038,1397
2016-02-29 10:42:52.488,139.4305,2359
2016-02-29 10:43:01.449,139.5129,4621
2016-02-29 10:43:02.169,139.6517,758
2016-02-29 10:43:07.905,139.5705,1040
2016-02-29 10:43:14.841,139.5723,2334
2016-02-29 10:43:20.670,139.5328,4554
2016-02-29 10:43:23.866,139.4252,4373
2016-02-29 10:43:33.228,139.5488,1202
2016-02-29 10:43:40.899,139.6142,4297
2016-02-29 10:43:43.409,139.6143,2179
2016-02-29 10:43:47.231,139.6417,1017
2016-02-29 10:43:54.755,139.7602,2505
2016-02-29 10:44:00.776,139.8382,2913
2016-02-29 10:44:03.627,139.7619,460
2016-02-29 10:44:10.852,139.8236,786
2016-02-29 10:44:19.779,139.9389,2821
2016-02-29 10:44:21.999,140.0516,4804
2016-02-29 10:44:28.957,139.9481,1344
2016-02-29 10:44:35.341,139.8159,1454
2016-02-29 10:44:35.709,139.9112,1621
2016-02-29 10:44:42.551,139.8167,2489
2016-02-29 10:44:47.270,139.7609,1671
2016-02-29 10:44:53.187,139.7716,817
2016-02-29 10:45:02.848,139.821,3434
2016-02-29 10:45:08.061,139.6975,2204
2016-02-29 10:45:12.934,139.7775,3513
2016-02-29 10:45:15.930,139.8108,299
2016-02-29 10:45:23.732,139.708,1107
2016-02-29 10:45:27.896,139.7979,3485
2016-02-29 10:45:30.545,139.9081,1211
2016-02-29 10:45:38.836,140.0405,3518
2016-02-29 10:45:47.452,140.086,4471
2016-02-29 10:45:47.545,140.0065,4055
2016-02-29 10:45:55.473,139.9843,1726
2016-02-29 10:46:05.110,139.9743,4654
2016-02-29 10:46:11.483,139.965,2447
2016-02-29 10:46:19.526,139.8779,2912
2016-02-29 10:46:28.065,140.0051,3033
2016-02-29 10:46:34.353,140.1095,3396
2016-02-29 10:46:41.204,139.9876,4177
2016-02-29 10:46:42.735,140.0797,913
2016-02-29 10:46:46.418,140.0371,1702
2016-02-29 10:46:51.609,139.9845,3314
2016-02-29 10:46:54.763,140.0642,4444
2016-02-29 10:47:00.854,140.0367,1743
2016-02-29 10:47:03.341,140.1167,4526
2016-02-29 10:47:12.653,140.2464,2274
2016-02-29 10:47:15.075,140.1566,4982
2016-02-29 10:47:24.010,140.1274,4340
2016-02-29 10:47:29.296,140.0449,4434
2016-02-29 10:47:38.817,140.0353,4639
2016-02-29 10:47:45.406,139.907,2006
2016-02-29 10:47:52.423,139.9855,1556
2016-02-29 10:47:54.791,139.9782,4094
2016-02-29 10:47:55.495,140.0583,1496
2016-02-29 10:47:55.509,139.9786,2976
2016-02-29 10:47:56.008,139.9696,2312
2016-02-29 10:47:56.119,139.9496,4972
2016-02-29 10:47:58.035,139.9285,1860
2016-02-29 10:47:59.643,139.9101,815
2016-02-29 10:48:09.157,139.8083,3948
2016-02-29 10:48:17.781,139.9175,4958
2016-02-29 10:48:21.300,139.9531,4237
2016-02-29 10:48:24.390,140.0661,3710
2016-02-29 10:48:32.343,140.1609,4523
2016-02-29 10:48:34.692,140.2808,1072
2016-02-29 10:48:35.739,140.1697,388
2016-02-29 10:48:41.535,140.228,1446
2016-02-29 10:48:49.321,140.2072,4415
2016-02-29 10:48:50.811,140.1635,1931
2016-02-29 10:48:52.056,140.2959,628
2016-02-29 10:48:58.524,140.4162,1429
2016-02-29 10:49:06.572,140.4942,257
2016-02-29 10:49:10.915,140.6205,2379
2016-02-29 10:49:17.480,140.6469,2274
2016-02-29 10:49:17.646,140.6213,4023
2016-02-29 10:49:27.014,140.7387,3743
2016-02-29 10:49:27.689,140.8201,4039
2016-02-29 10:49:31.782,140.7865,3755
2016-02-29 10:49:38.818,140.6595,4574
2016-02-29 10:49:47.442,140.7387,3148
2016-02-29 10:49:53.985,140.7122,1822
2016-02-29 10:50:03.011,140.7895,932
2016-02-29 10:50:07.761,140.8566,2053
2016-02-29 10:50:12.927,140.8993,4926
2016-02-29 10:50:18.958,141.037,2359
2016-02-29 10:50:28.036,140.998,2830
2016-02-29 10:50:36.913,141.0772,1826
2016-02-29 10:50:40.353,140.9454,472
2016-02-29 10:50:46.644,140.8419,142
2016-02-29 10:50:51.717,140.9594,3734
2016-02-29 10:50:52.584,140.9084,713
2016-02-29 10:50:53.955,141.0025,3795
2016-02-29 10:50:55.051,141.0906,4633
2016-02-29 10:50:56.654,141.2229,447
2016-02-29 10:50:57.088,141.1278,1070
2016-02-29 10:51:06.538,141.139,1169
2016-02-29 10:51:13.226,141.2735,854
2016-02-29 10:51:19.159,141.2253,4607
2016-02-29 10:51:22.543,141.1617,4568
2016-02-29 10:51:28.176,141.282,2922
2016-02-29 10:51:35.984,141.2191,689
2016-02-29 10:51:42.612,141.2832,1714
2016-02-29 10:51:43.989,141.2777,1500
2016-02-29 10:51:44.784,141.2747,849
2016-02-29 10:51:48.207,141.1607,439
2016-02-29 10:51:51.018,141.139,1137
2016-02-29 10:51:55.791,141.102,2903
2016-02-29 10:51:57.748,141.1735,2131
2016-02-29 10:52:00.917,141.148,4320
2016-02-29 10:52:01.334,141.0576,2680
2016-02-29 10:52:09.798,140.9183,430
2016-02-29 10:52:18.028,140.8983,754
2016-02-29 10:52:24.883,140.9327,3629
2016-02-29 10:52:34.049,141.0453,2839
2016-02-29 10:52:34.337,140.9699,273
2016-02-29 10:52:42.415,140.9172,1274
2016-02-29 10:52:49.637,140.8112,2085
2016-02-29 10:52:59.212,140.8677,1846
2016-02-29 10:52:59.520,140.7977,4798
2016-02-29 10:53:00.680,140.8325,4485
2016-02-29 10:53:01.984,140.732,4436
2016-02-29 10:53:04.879,140.7484,4248
2016-02-29 10:53:14.166,140.7574,2482
2016-02-29 10:53:16.165,140.8478,4468
2016-02-29 10:53:22.343,140.7775,3010
2016-02-29 10:53:28.483,140.9114,4380
2016-02-29 10:53:37.350,140.9294,4359
2016-02-29 10:53:40.154,140.9294,2571
2016-02-29 10:53:48.282,140.922,2351
2016-02-29 10:53:51.085,140.8618,693
2016-02-29 10:53:52.800,140.8972,2972
2016-02-29 10:53:54.011,140.7729,3731
2016-02-29 10:53:58.844,140.8379,131
2016-02-29 10:53:58.958,140.9397,2052
2016-02-29 10:53:59.916,140.8581,382
2016-02-29 10:54:08.612,140.8015,4659
2016-02-29 10:54:17.375,140.8384,3074
2016-02-29 10:54:17.716,140.867,3885
2016-02-29 10:54:27.454,140.9464,1993
2016-02-29 10:54:36.045,140.863,232
2016-02-29 10:54:45.214,140.9749,4275
2016-02-29 10:54:50.411,140.8601,1681
2016-02-29 10:54:59.636,140.9249,4960
2016-02-29 10:55:04.640,141.0112,1893
2016-02-29 10:55:12.797,140.9207,4539
2016-02-29 10:55:21.543,141.0478,4942
2016-02-29 10:55:25.885,140.9452,1274
2016-02-29 10:55:28.220,140.8923,4098
2016-02-29 10:55:34.345,140.9402,2167
2016-02-29 10:55:34.928,141.0346,1466
2016-02-29 10:55:37.582,141.0286,1735
2016-02-29 10:55:44.532,141.0663,1490
2016-02-29 10:55:53.356,140.9328,4838
2016-02-29 10:56:00.628,141.0149,945
2016-02-29 10:56:02.881,141.0005,1262
2016-02-29 10:56:06.907,141.025,1310
2016-02-29 10:56:14.229,141.1627,1720
2016-02-29 10:56:17.962,141.0667,4455
2016-02-29 10:56:27.784,141.0204,589
2016-02-29 10:56:29.103,141.1483,2353
2016-02-29 10:56:37.790,141.2108,4122
2016-02-29 10:56:40.159,141.0796,1735
2016-02-29 10:56:43.048,141.133,4489
2016-02-29 10:56:52.600,141.1862,2602
2016-02-29 10:56:57.798,141.2866,777
2016-02-29 10:57:03.461,141.4114,1720
2016-02-29 10:57:11.526,141.3179,1413
2016-02-29 10:57:16.670,141.3763,4075
2016-02-29 10:57:23.294,141.2668,3244
2016-02-29 10:57:28.812,141.1498,4547
2016-02-29 10:57:34.664,141.1861,4036
2016-02-29 10:57:43.980,141.2783,3835
2016-02-29 10:57:47.927,141.2927,1782
2016-02-29 10:57:52.356,141.3325,1024
2016-02-29 10:58:00.218,141.3105,4900
2016-02-29 10:58:00.798,141.3118,1707
2016-02-29 10:58:07.690,141.4401,3673
2016-02-29 10:58:10.384,141.3245,626
2016-02-29 10:58:17.335,141.2504,2084
2016-02-29 10:58:23.591,141.366,2318
2016-02-29 10:58:29.513,141.3771,1914
2016-02-29 10:58:31.207,141.3665,420
2016-02-29 10:58:34.555,141.2571,1757
2016-02-29 10:58:36.382,141.1886,864
2016-02-29 10:58:45.393,141.3136,2562
2016-02-29 10:58:53.986,141.2195,1089
2016-02-29 10:59:03.711,141.1422,688
2016-02-29 10:59:13.577,141.0238,1450
2016-02-29 10:59:15.061,140.9625,1909
2016-02-29 10:59:17.378,140.883,3844
2016-02-29 10:59:26.663,140.8231,3867
2016-02-29 10:59:34.900,140.7441,54
2016-02-29 10:59:38.071,140.7318,798
2016-02-29 10:59:43.138,140.6566,3520
2016-02-29 10:59:52.910,140.5337,3679
2016-02-29 10:59:55.229,140.4239,4180
2016-02-29 10:59:56.669,140.5076,186
2016-02-29 10:59:57.022,140.5532,2444
2016-02-29 11:00:06.099,140.604,4060
2016-02-29 11:00:12.671,140.6493,3994
2016-02-29 11:00:15.657,140.6414,1600
2016-02-29 11:00:17.172,140.5137,4405
2016-02-29 11:00:24.563,140.6068,4511
2016-02-29 11:00:29.509,140.4749,4719
2016-02-29 11:00:38.758,140.573,375
2016-02-29 11:00:44.284,140.5935,2218
2016-02-29 11:00:53.033,140.5991,2413
2016-02-29 11:00:58.219,140.5946,4008
2016-02-29 11:00:59.445,140.6776,2187
2016-02-29 11:00:59.606,140.7095,1535
2016-02-29 11:01:06.309,140.8198,95
2016-02-29 11:01:09.216,140.8488,3058
2016-02-29 11:01:11.069,140.9791,4938
2016-02-29 11:01:14.613,140.9864,4161
2016-02-29 11:01:21.647,140.9099,3788
2016-02-29 11:01:30.444,141.0449,1144
2016-02-29 11:01:30.943,141.1092,1303
2016-02-29 11:01:35.620,140.9774,246
2016-02-29 11:01:37.458,141.1102,4103
2016-02-29 11:01:38.787,141.1573,4996
2016-02-29 11:01:41.265,141.2958,196
2016-02-29 11:01:50.033,141.4297,3735
2016-02-29 11:01:55.481,141.3788,1122
2016-02-29 11:01:55.654,141.2762,4010
2016-02-29 11:02:03.064,141.2774,669
2016-02-29 11:02:06.845,141.3782,2642
2016-02-29 11:02:14.328,141.3994,4196
2016-02-29 11:02:21.637,141.3876,138
2016-02-29 11:02:27.889,141.3896,1974
2016-02-29 11:02:31.003,141.396,3491
2016-02-29 11:02:32.030,141.4686,4683
2016-02-29 11:02:39.907,141.4138,2052
2016-02-29 11:02:40.522,141.2926,3543
2016-02-29 11:02:43.312,141.3152,4728
2016-02-29 11:02:47.032,141.3066,2223
2016-02-29 11:02:49.038,141.4047,3527
2016-02-29 11:02:58.419,141.4301,197
2016-02-29 11:03:01.958,141.3589,2960
2016-02-29 11:03:05.356,141.4423,2250
2016-02-29 11:03:10.279,141.554,3676
2016-02-29 11:03:17.170,141.417,2361
2016-02-29 11:03:23.110,141.5435,3555
2016-02-29 11:03:24.130,141.486,2200
2016-02-29 11:03:27.895,141.3738,140
2016-02-29 11:03:35.721,141.4917,4465
2016-02-29 11:03:36.852,141.4798,3357
2016-02-29 11:03:42.128,141.4683,1132
2016-02-29 11:03:44.173,141.5311,581
2016-02-29 11:03:44.433,141.4822,910
2016-02-29 11:03:52.159,141.5603,2240
2016-02-29 11:03:59.727,141.45,3366
2016-02-29 11:04:08.383,141.366,893
2016-02-29 11:04:09.365,141.2292,4042
2016-02-29 11:04:10.118,141.2166,2192
2016-02-29 11:04:13.026,141.1161,4872
2016-02-29 11:04:22.792,141.0103,1258
2016-02-29 11:04:29.053,140.9803,4324
2016-02-29 11:04:29.352,140.9099,3715
2016-02-29 11:04:36.722,141.0309,1330
2016-02-29 11:04:38.890,140.8931,1389
2016-02-29 11:04:46.337,140.9786,4763
2016-02-29 11:04:54.160,141.1048,3326
2016-02-29 11:05:00.594,141.1637,707
2016-02-29 11:05:02.969,141.1515,839
2016-02-29 11:05:06.094,141.0737,64
2016-02-29 11:05:13.477,141.1626,4159
2016-02-29 11:05:14.867,141.275,824
2016-02-29 11:05:16.407,141.2455,642
2016-02-29 11:05:23.405,141.156,4852
2016-02-29 11:05:31.957,141.2438,415
2016-02-29 11:05:35.213,141.1703,433
2016-02-29 11:05:37.335,141.06,2766
2016-02-29 11:05:47.296,140.9874,1807
2016-02-29 11:05:56.964,141.0832,4783
2016-02-29 11:06:03.764,140.9885,1653
2016-02-29 11:06:10.437,141.1231,2903
2016-02-29 11:06:17.326,141.1396,4511
2016-02-29 11:06:18.785,141.2494,1807
2016-02-29 11:06:20.195,141.1466,296
2016-02-29 11:06:28.523,141.034,3813
2016-02-29 11:06:33.997,141.0784,1675
2016-02-29 11:06:39.807,141.0042,2691
2016-02-29 11:06:43.654,140.9457,2359
2016-02-29 11:06:50.491,141.031,4935
2016-02-29 11:06:59.947,141.0492,273
2016-02-29 11:07:05.580,141.1325,1057
2016-02-29 11:07:07.930,141.2623,1216
2016-02-29 11:07:13.844,141.1504,4226
2016-02-29 11:07:23.051,141.199,1323
2016-02-29 11:07:32.395,141.072,531
2016-02-29 11:07:33.754,141.0473,90
2016-02-29 11:07:39.594,141.1631,2946
2016-02-29 11:07:41.757,141.2769,3758
2016-02-29 11:07:51.336,141.1954,910
2016-02-29 11:07:58.041,141.1718,2082
2016-02-29 11:08:03.519,141.1121,3621
2016-02-29 11:08:08.760,141.1084,3130
2016-02-29 11:08:11.110,141.1069,2141
2016-02-29 11:08:13.378,141.2298,216
2016-02-29 11:08:13.536,141.3035,4303
2016-02-29 11:08:21.002,141.3635,2949
2016-02-29 11:08:26.941,141.2973,1972
2016-02-29 11:08:29.318,141.3517,1714
2016-02-29 11:08:30.623,141.4186,4192
2016-02-29 11:08:36.418,141.4592,1467
2016-02-29 11:08:37.574,141.5104,580
2016-02-29 11:08:47.123,141.4799,3980
2016-02-29 11:08:49.619,141.5731,1870
2016-02-29 11:08:57.759,141.5142,1779
2016-02-29 11:09:05.198,141.4832,3161
2016-02-29 11:09:13.841,141.5549,1277
2016-02-29 11:09:16.573,141.586,2221
2016-02-29 11:09:24.145,141.6518,526
2016-02-29 11:09:25.784,141.5673,2409
2016-02-29 11:09:27.841,141.6251,2064
2016-02-29 11:09:31.435,141.7042,4062
2016-02-29 11:09:38.929,141.7287,2400
2016-02-29 11:09:46.639,141.6246,2059
2016-02-29 11:09:49.492,141.6265,4934
2016-02-29 11:09:57.191,141.4954,1696
2016-02-29 11:09:59.958,141.5202,4344
2016-02-29 11:10:04.205,141.6281,2683
2016-02-29 11:10:05.931,141.6382,69
2016-02-29 11:10:07.929,141.7477,4684
2016-02-29 11:10:16.746,141.885,4144
2016-02-29 11:10:22.637,141.8902,132
2016-02-29 11:10:29.336,141.9679,2138
2016-02-29 11:10:35.125,141.8362,4059
2016-02-29 11:10:38.830,141.8649,431
2016-02-29 11:10:39.683,141.8242,438
2016-02-29 11:10:40.884,141.8068,1131
2016-02-29 11:10:45.170,141.7001,2774
2016-02-29 11:10:45.537,141.7398,4779
2016-02-29 11:10:48.167,141.803,1459
2016-02-29 11:10:51.023,141.8079,761
2016-02-29 11:10:52.026,141.9353,4079
2016-02-29 11:10:53.608,141.9506,2916
2016-02-29 11:11:02.307,141.8853,2182
2016-02-29 11:11:09.733,141.8656,4558
2016-02-29 11:11:09.987,141.9091,4039
2016-02-29 11:11:13.624,141.842,3437
2016-02-29 11:11:18.103,141.94,4273
2016-02-29 11:11:21.338,142.005,1848
2016-02-29 11:11:30.967,141.9281,4783
2016-02-29 11:11:33.878,142.0276,708
2016-02-29 11:11:35.300,141.9028,3570
2016-02-29 11:11:38.397,141.8532,473
2016-02-29 11:11:39.597,141.7868,3618
2016-02-29 11:11:46.227,141.7157,4827
2016-02-29 11:11:53.628,141.5986,1431
2016-02-29 11:12:03.109,141.5131,4645
2016-02-29 11:12:05.688,141.6151,162
2016-02-29 11:12:12.588,141.7505,1711
2016-02-29 11:12:21.096,141.7798,3637
2016-02-29 11:12:22.279,141.891,3000
2016-02-29 11:12:22.573,141.7645,4116
2016-02-29 11:12:32.210,141.8011,3654
2016-02-29 11:12:41.571,141.8784,3406
2016-02-29 11:12:45.160,141.8119,103
2016-02-29 11:12:45.375,141.8456,4759
2016-02-29 11:12:49.874,141.9398,826
2016-02-29 11:12:56.877,142.0119,2112
2016-02-29 11:13:06.102,142.0793,2563
2016-02-29 11:13:11.047,142.2022,970
2016-02-29 11:13:11.984,142.2375,1042
2016-02-29 11:13:17.959,142.1993,3738
2016-02-29 11:13:19.587,142.2133,4056
2016-02-29 11:13:26.825,142.3378,1693
2016-02-29 11:13:28.635,142.3107,890
2016-02-29 11:13:34.855,142.4287,4397
2016-02-29 11:13:40.420,142.5323,274
2016-02-29 11:13:48.302,142.5109,1966
2016-02-29 11:13:53.435,142.6053,2048
2016-02-29 11:13:58.235,142.4812,2831
2016-02-29 11:14:07.940,142.3994,4992
2016-02-29 11:14:09.496,142.3541,2815
2016-02-29 11:14:09.669,142.2247,2664
2016-02-29 11:14:13.428,142.3088,2991
2016-02-29 11:14:21.255,142.2359,4192
2016-02-29 11:14:30.330,142.3581,795
2016-02-29 11:14:38.027,142.2197,1209
2016-02-29 11:14:40.777,142.3492,4317
2016-02-29 11:14:40.780,142.3407,3903
2016-02-29 11:14:43.728,142.3536,3930
2016-02-29 11:14:49.550,142.4888,242
2016-02-29 11:14:51.510,142.525,1701
2016-02-29 11:14:54.225,142.5662,3686
2016-02-29 11:14:58.882,142.6453,4833
2016-02-29 11:15:03.709,142.7103,1478
2016-02-29 11:15:06.425,142.7505,4994
2016-02-29 11:15:10.812,142.7489,1149
2016-02-29 11:15:12.044,142.7077,1365
2016-02-29 11:15:17.627,142.6885,1564
2016-02-29 11:15:22.876,142.6726,1900
2016-02-29 11:15:30.959,142.5941,3922
2016-02-29 11:15:35.916,142.6755,4211
2016-02-29 11:15:39.139,142.5503,599
2016-02-29 11:15:42.627,142.6008,3747
2016-02-29 11:15:50.940,142.7179,3960
2016-02-29 11:15:55.943,142.7045,3506
2016-02-29 11:15:56.988,142.7618,4328
2016-02-29 11:16:02.078,142.7178,2180
2016-02-29 11:16:07.793,142.7228,2015
2016-02-29 11:16:10.722,142.6074,1974
2016-02-29 11:16:11.143,142.4668,954
2016-02-29 11:16:17.449,142.3604,71
2016-02-29 11:16:19.997,142.442,4493
2016-02-29 11:16:28.781,142.5296,3881
2016-02-29 11:16:36.973,142.4488,4482
2016-02-29 11:16:42.260,142.3466,3198
2016-02-29 11:16:47.826,142.4816,4109
2016-02-29 11:16:56.551,142.5071,968
2016-02-29 11:16:59.406,142.4612,3601
2016-02-29 11:17:03.168,142.5816,3440
2016-02-29 11:17:04.396,142.6291,4492
2016-02-29 11:17:10.324,142.5861,1368
2016-02-29 11:17:16.523,142.534,1623
2016-02-29 11:17:18.785,142.5901,2723
2016-02-29 11:17:19.858,142.4847,446
2016-02-29 11:17:25.523,142.6246,1442
2016-02-29 11:17:25.775,142.562,2044
2016-02-29 11:17:28.235,142.5616,2774
2016-02-29 11:17:33.147,142.5206,2430
2016-02-29 11:17:36.098,142.6034,2744
2016-02-29 11:17:36.886,142.6126,3358
2016-02-29 11:17:40.636,142.5465,768
2016-02-29 11:17:41.997,142.6079,4369
2016-02-29 11:17:42.989,142.5393,1048
2016-02-29 11:17:52.507,142.5411,732
2016-02-29 11:18:00.341,142.5581,4306
2016-02-29 11:18:04.631,142.594,4244
2016-02-29 11:18:10.871,142.5804,4310
2016-02-29 11:18:20.091,142.4795,4712
2016-02-29 11:18:26.343,142.5383,2357
2016-02-29 11:18:35.298,142.5323,2810
2016-02-29 11:18:41.539,142.6488,1036
2016-02-29 11:18:41.977,142.7508,2064
2016-02-29 11:18:47.324,142.6967,4353
2016-02-29 11:18:56.353,142.6306,521
2016-02-29 11:18:59.018,142.5524,4140
2016-02-29 11:19:06.750,142.6596,3920
2016-02-29 11:19:08.202,142.7362,1801
2016-02-29 11:19:09.811,142.7205,4233
2016-02-29 11:19:13.355,142.6855,733
2016-02-29 11:19:13.395,142.6313,988
2016-02-29 11:19:15.272,142.5875,2432
2016-02-29 11:19:21.539,142.5395,1081
2016-02-29 11:19:26.627,142.6417,4554
2016-02-29 11:19:30.626,142.7212,3276
2016-02-29 11:19:39.202,142.7712,1818
2016-02-29 11:19:43.360,142.7854,2453
2016-02-29 11:19:47.819,142.7997,2295
2016-02-29 11:19:51.308,142.8381,1962
2016-02-29 11:19:51.819,142.907,4747
2016-02-29 11:19:56.353,143.0487,654
2016-02-29 11:19:57.430,143.0058,1254
2016-02-29 11:20:06.608,143.1086,4308
2016-02-29 11:20:08.696,143.1714,1183
2016-02-29 11:20:10.426,143.0411,2798
2016-02-29 11:20:11.284,142.9416,4009
2016-02-29 11:20:17.214,143.0046,3222
2016-02-29 11:20:19.130,143.0089,450
2016-02-29 11:20:22.097,143.093,2272
2016-02-29 11:20:25.053,143.0922,1352
2016-02-29 11:20:32.356,142.989,1178
2016-02-29 11:20:37.478,142.9023,4620
2016-02-29 11:20:39.013,143.024,2092
2016-02-29 11:20:39.083,142.9734,4300
2016-02-29 11:20:43.490,143.0532,856
2016-02-29 11:20:52.275,143.1683,357
2016-02-29 11:21:01.469,143.1643,1955
2016-02-29 11:21:11.260,143.2004,808
2016-02-29 11:21:13.182,143.1244,1668
2016-02-29 11:21:13.357,143.1588,4424
2016-02-29 11:21:22.810,143.1663,1555
2016-02-29 11:21:28.187,143.0807,4011
2016-02-29 11:21:28.883,143.2032,4055
2016-02-29 11:21:38.266,143.1439,4433
2016-02-29 11:21:44.266,143.0144,3303
2016-02-29 11:21:47.769,143.1395,2939
2016-02-29 11:21:50.642,143.0519,2174
2016-02-29 11:21:54.663,142.9745,4299
2016-02-29 11:22:01.501,143.0534,1626
2016-02-29 11:22:07.608,143.1026,3116
2016-02-29 11:22:15.956,143.2056,2142
2016-02-29 11:22:16.885,143.3196,2639
2016-02-29 11:22:23.046,143.2645,1667
2016-02-29 11:22:30.757,143.3189,1059
2016-02-29 11:22:32.526,143.4044,2682
2016-02-29 11:22:38.428,143.3652,1317
2016-02-29 11:22:40.692,143.3884,269
2016-02-29 11:22:49.774,143.3753,1246
2016-02-29 11:22:58.285,143.4901,4983
2016-02-29 11:23:04.339,143.5564,390
2016-02-29 11:23:09.809,143.5114,4648
2016-02-29 11:23:11.613,143.4202,4732
2016-02-29 11:23:18.562,143.39,3765
2016-02-29 11:23:23.267,143.3771,915
2016-02-29 11:23:32.780,143.2904,4700
2016-02-29 11:23:40.828,143.2796,1729
2016-02-29 11:23:49.906,143.3359,1872
2016-02-29 11:23:51.548,143.39,2570
2016-02-29 11:23:52.076,143.3831,2517
2016-02-29 11:24:00.868,143.5208,423
2016-02-29 11:24:01.912,143.5612,4481
2016-02-29 11:24:06.086,143.5677,279
2016-02-29 11:24:11.533,143.4606,2557
2016-02-29 11:24:14.577,143.4417,573
2016-02-29 11:24:22.439,143.4218,3785
2016-02-29 11:24:32.045,143.5504,1807
2016-02-29 11:24:40.666,143.5053,4269
2016-02-29 11:24:43.510,143.6348,2940
2016-02-29 11:24:49.735,143.6914,756
2016-02-29 11:24:57.338,143.5948,1214
2016-02-29 11:24:58.464,143.4921,3151
2016-02-29 11:25:01.080,143.4496,1050
2016-02-29 11:25:05.336,143.3287,2952
2016-02-29 11:25:06.558,143.2222,2658
2016-02-29 11:25:10.090,143.1724,3867
2016-02-29 11:25:10.343,143.0792,2309
2016-02-29 11:25:14.119,143.0983,732
2016-02-29 11:25:17.042,143.124,3391
2016-02-29 11:25:20.887,143.2529,4738
2016-02-29 11:25:27.511,143.3296,4870
2016-02-29 11:25:34.272,143.4692,3118
2016-02-29 11:25:40.227,143.4319,983
2016-02-29 11:25:41.726,143.5486,3520
2016-02-29 11:25:48.099,143.6925,3877
2016-02-29 11:25:56.434,143.6272,2495
2016-02-29 11:25:57.447,143.7457,2067
2016-02-29 11:25:58.625,143.8482,3997
2016-02-29 11:25:59.066,143.8892,347
2016-02-29 11:26:01.744,144.0257,1073
2016-02-29 11:26:07.938,144.0446,4977
2016-02-29 11:26:17.732,144.0139,1299
2016-02-29 11:26:20.367,144.0119,2366
2016-02-29 11:26:22.940,144.1217,177
2016-02-29 11:26:27.696,144.0186,2949
2016-02-29 11:26:30.644,144.0429,650
2016-02-29 11:26:30.823,144.0817,3655
2016-02-29 11:26:33.321,143.9819,4637
2016-02-29 11:26:40.999,144.0785,34
2016-02-29 11:26:46.429,143.9757,2212
2016-02-29 11:26:54.547,144.0708,114
2016-02-29 11:26:54.797,144.0245,3757
2016-02-29 11:26:54.803,144.0597,1177
2016-02-29 11:27:02.724,144.1455,1364
2016-02-29 11:27:07.948,144.1928,2192
2016-02-29 11:27:14.304,144.277,3649
2016-02-29 11:27:16.187,144.3858,3453
2016-02-29 11:27:19.331,144.2516,2123
2016-02-29 11:27:27.602,144.1194,3525
2016-02-29 11:27:33.506,144.0638,2946
2016-02-29 11:27:38.507,144.0418,3017
2016-02-29 11:27:41.926,143.9899,3580
2016-02-29 11:27:48.402,144.0501,4884
2016-02-29 11:27:50.720,144.0294,1579
2016-02-29 11:27:59.540,144.1501,2231
2016-02-29 11:28:03.222,144.0928,2457
2016-02-29 11:28:07.018,144.2223,302
2016-02-29 11:28:15.332,144.1187,3093
2016-02-29 11:28:17.085,144.0841,3448
2016-02-29 11:28:21.597,144.1306,672
2016-02-29 11:28:25.076,144.2328,1634
2016-02-29 11:28:26.996,144.2243,3670
2016-02-29 11:28:36.214,144.1013,620
2016-02-29 11:28:44.339,144.0254,264
2016-02-29 11:28:49.778,144.0378,2759
2016-02-29 11:28:55.731,143.9339,4624
2016-02-29 11:28:59.735,143.9885,1949
2016-02-29 11:29:08.638,144.0224,4974
2016-02-29 11:29:09.728,143.9688,1275
2016-02-29 11:29:14.917,144.0903,4324
2016-02-29 11:29:23.981,144.1829,909
2016-02-29 11:29:29.005,144.2501,3143
2016-02-29 11:29:38.786,144.2727,1458
2016-02-29 11:29:39.770,144.3683,243
2016-02-29 11:29:46.148,144.3197,1593
2016-02-29 11:29:55.504,144.2701,4869
2016-02-29 11:29:59.673,144.4147,4226
2016-02-29 11:30:00.630,144.5245,1952
2016-02-29 11:30:02.543,144.5728,4952
2016-02-29 11:30:08.656,144.5756,4610
2016-02-29 11:30:12.148,144.7164,612
2016-02-29 11:30:17.364,144.7729,400
2016-02-29 11:30:24.998,144.7103,3416
2016-02-29 11:30:28.768,144.7399,4673
2016-02-29 11:30:34.293,144.6541,1534
2016-02-29 11:30:37.779,144.757,1380
2016-02-29 11:30:44.642,144.8309,4413
2016-02-29 11:30:46.921,144.7903,1550
2016-02-29 11:30:48.685,144.7999,2196
2016-02-29 11:30:56.241,144.772,4880
2016-02-29 11:31:01.899,144.6389,2947
2016-02-29 11:31:02.801,144.6181,2918
2016-02-29 11:31:06.678,144.568,4208
2016-02-29 11:31:08.138,144.686,2520
2016-02-29 11:31:11.744,144.7831,3011
2016-02-29 11:31:14.196,144.649,3290
2016-02-29 11:31:15.561,144.7227,2642
2016-02-29 11:31:17.771,144.7307,4120
2016-02-29 11:31:24.664,144.6696,819
2016-02-29 11:31:28.733,144.6599,1691
2016-02-29 11:31:30.098,144.6432,979
2016-02-29 11:31:30.726,144.5849,2018
2016-02-29 11:31:39.714,144.5422,3188
2016-02-29 11:31:49.581,144.5606,3184
2016-02-29 11:31:52.033,144.6749,1406
2016-02-29 11:31:58.137,144.7054,3306
2016-02-29 11:32:06.069,144.7343,3177
2016-02-29 11:32:15.997,144.6905,4672
2016-02-29 11:32:17.357,144.7417,469
2016-02-29 11:32:24.920,144.7595,3648
2016-02-29 11:32:26.050,144.8969,4398
2016-02-29 11:32:27.274,144.7862,4226
2016-02-29 11:32:36.699,144.7841,1435
2016-02-29 11:32:41.071,144.7007,3203
2016-02-29 11:32:42.048,144.8248,4987
2016-02-29 11:32:46.559,144.6954,1793
2016-02-29 11:32:49.718,144.6144,2899
2016-02-29 11:32:54.347,144.7328,1186
2016-02-29 11:32:59.218,144.6616,2021
2016-02-29 11:33:00.606,144.794,4529
2016-02-29 11:33:09.247,144.8854,1805
2016-02-29 11:33:14.044,144.9165,1427
2016-02-29 11:33:20.341,144.8225,576
2016-02-29 11:33:20.630,144.7865,2861
2016-02-29 11:33:29.380,144.7169,1959
2016-02-29 11:33:38.528,144.6153,2605
2016-02-29 11:33:39.545,144.4788,129
2016-02-29 11:33:42.367,144.5298,1899
2016-02-29 11:33:43.134,144.6448,56
2016-02-29 11:33:52.396,144.5393,2184
2016-02-29 11:33:58.161,144.4603,3483
2016-02-29 11:34:03.675,144.366,608
2016-02-29 11:34:13.588,144.2995,385
2016-02-29 11:34:13.664,144.4189,1500
2016-02-29 11:34:16.131,144.4369,4632
2016-02-29 11:34:25.509,144.536,2956
2016-02-29 11:34:30.686,144.4851,834
2016-02-29 11:34:31.586,144.5813,1199
2016-02-29 11:34:40.587,144.7052,1422
2016-02-29 11:34:47.300,144.6387,3330
2016-02-29 11:34:55.538,144.7544,1908
2016-02-29 11:34:56.200,144.8325,2001
2016-02-29 11:35:03.925,144.8461,3945
2016-02-29 11:35:11.132,144.7288,3203
2016-02-29 11:35:17.636,144.5871,4057
2016-02-29 11:35:18.875,144.653,2123
2016-02-29 11:35:26.024,144.5223,3357
2016-02-29 11:35:28.751,144.4101,2535
2016-02-29 11:35:28.933,144.5203,3965
2016-02-29 11:35:38.632,144.3964,1838
2016-02-29 11:35:47.370,144.435,4227
2016-02-29 11:35:50.686,144.5353,4230
2016-02-29 11:35:52.735,144.5411,2296
2016-02-29 11:35:57.787,144.4924,3377
2016-02-29 11:36:02.669,144.5415,4592
2016-02-29 11:36:04.007,144.6496,4593
2016-02-29 11:36:12.205,144.5136,2548
2016-02-29 11:36:12.532,144.3789,4947
2016-02-29 11:36:16.706,144.434,2437
2016-02-29 11:36:25.889,144.5607,3987
2016-02-29 11:36:26.056,144.573,3503
2016-02-29 11:36:29.702,144.7,24
2016-02-29 11:36:33.482,144.7376,3647
2016-02-29 11:36:38.444,144.794,4864
2016-02-29 11:36:38.560,144.7553,2690
2016-02-29 11:36:47.053,144.7057,1451
2016-02-29 11:36:49.839,144.6957,1629
2016-02-29 11:36:57.892,144.7531,2838
2016-02-29 11:37:01.522,144.7762,2588
2016-02-29 11:37:08.388,144.7546,4143
2016-02-29 11:37:12.326,144.6498,261
2016-02-29 11:37:14.378,144.5707,4786
2016-02-29 11:37:14.585,144.7157,2188
2016-02-29 11:37:22.276,144.7112,266
2016-02-29 11:37:31.530,144.6922,3526
2016-02-29 11:37:41.504,144.7974,813
2016-02-29 11:37:49.770,144.6665,2127
2016-02-29 11:37:54.457,144.6418,1302
2016-02-29 11:37:59.421,144.5443,3223
2016-02-29 11:38:07.588,144.6653,105
2016-02-29 11:38:08.929,144.5999,2481
2016-02-29 11:38:13.255,144.6117,3188
2016-02-29 11:38:21.019,144.4913,2778
2016-02-29 11:38:22.026,144.3825,3535
2016-02-29 11:38:30.413,144.3868,2203
2016-02-29 11:38:34.714,144.4398,3412
2016-02-29 11:38:36.562,144.4138,2232
2016-02-29 11:38:44.423,144.3142,865
2016-02-29 11:38:47.384,144.1802,367
2016-02-29 11:38:50.738,144.2239,2210
2016-02-29 11:38:51.748,144.1719,2593
2016-02-29 11:38:59.858,144.2839,1211
2016-02-29 11:39:08.997,144.1824,4263
2016-02-29 11:39:09.842,144.2994,658
2016-02-29 11:39:13.446,144.184,3067
2016-02-29 11:39:16.441,144.3179,2575
2016-02-29 11:39:21.538,144.2049,2070
2016-02-29 11:39:30.671,144.2536,1920
2016-02-29 11:39:37.960,144.3367,2872
2016-02-29 11:39:38.755,144.2954,167
2016-02-29 11:39:46.150,144.295,3702
2016-02-29 11:39:53.093,144.4059,110
2016-02-29 11:39:58.131,144.3171,4027
2016-02-29 11:40:04.452,144.19,4643
2016-02-29 11:40:13.473,144.1595,3603
2016-02-29 11:40:21.281,144.2203,4865
2016-02-29 11:40:21.351,144.3232,491
2016-02-29 11:40:30.264,144.4052,2158
2016-02-29 11:40:39.729,144.2775,1139
2016-02-29 11:40:45.989,144.1506,239
2016-02-29 11:40:55.936,144.1851,3272
2016-02-29 11:41:04.719,144.2846,4979
2016-02-29 11:41:11.226,144.3557,4731
2016-02-29 11:41:20.506,144.496,1194
2016-02-29 11:41:30.306,144.6211,4849
2016-02-29 11:41:32.181,144.5097,4098
2016-02-29 11:41:35.020,144.6106,4855
2016-02-29 11:41:43.340,144.5437,2083
2016-02-29 11:41:51.585,144.6503,3221
2016-02-29 11:41:53.965,144.6625,2987
2016-02-29 11:41:55.384,144.6749,3628
2016-02-29 11:42:00.608,144.563,607
2016-02-29 11:42:03.354,144.6661,2114
2016-02-29 11:42:07.268,144.7756,918
2016-02-29 11:42:10.742,144.8834,1213
2016-02-29 11:42:18.655,144.8679,65
2016-02-29 11:42:22.674,144.7856,2458
2016-02-29 11:42:26.170,144.8613,3547
2016-02-29 11:42:35.236,144.9348,2903
2016-02-29 11:42:45.099,145.0137,1327
2016-02-29 11:42:46.749,145.1555,3211
2016-02-29 11:42:54.569,145.1536,1751
2016-02-29 11:43:01.447,145.0189,1116
2016-02-29 11:43:09.733,144.9337,4741
2016-02-29 11:43:17.471,144.9786,2564
2016-02-29 11:43:26.522,145.0124,951
2016-02-29 11:43:32.810,144.8812,2748
2016-02-29 11:43:34.044,144.8143,4166
2016-02-29 11:43:43.187,144.881,4026
2016-02-29 11:43:48.355,144.8291,1794
2016-02-29 11:43:54.073,144.7062,475
2016-02-29 11:44:02.074,144.8278,33
2016-02-29 11:44:10.824,144.8348,936
2016-02-29 11:44:14.576,144.7191,4736
2016-02-29 11:44:14.909,144.7489,1034
2016-02-29 11:44:19.389,144.7435,4269
2016-02-29 11:44:23.264,144.6189,1857
2016-02-29 11:44:31.927,144.6839,441
2016-02-29 11:44:36.294,144.7969,324
2016-02-29 11:44:36.671,144.7773,1774
2016-02-29 11:44:46.534,144.8991,1409
2016-02-29 11:44:55.446,144.7596,2939
2016-02-29 11:44:57.453,144.6926,4996
2016-02-29 11:45:03.764,144.6224,1622
2016-02-29 11:45:06.690,144.7432,45
2016-02-29 11:45:13.833,144.7151,398
2016-02-29 11:45:20.950,144.6573,48
2016-02-29 11:45:26.989,144.5732,771
2016-02-29 11:45:36.233,144.4754,3287
2016-02-29 11:45:42.049,144.3539,2743
2016-02-29 11:45:48.869,144.2883,2910
2016-02-29 11:45:55.215,144.2356,1589
2016-02-29 11:45:58.230,144.3318,797
2016-02-29 11:46:06.760,144.217,2654
2016-02-29 11:46:10.860,144.0904,3325
2016-02-29 11:46:20.453,144.014,754
2016-02-29 11:46:25.786,144.1238,3975
2016-02-29 11:46:29.701,144.2381,4402
2016-02-29 11:46:35.513,144.1073,1671
2016-02-29 11:46:40.466,143.9787,4645
2016-02-29 11:46:43.516,143.9028,2277
2016-02-29 11:46:47.372,143.7847,1730
2016-02-29 11:46:48.065,143.6925,1849
2016-02-29 11:46:52.569,143.6376,69
2016-02-29 11:46:56.170,143.6915,1422
2016-02-29 11:46:59.172,143.8336,71
2016-02-29 11:47:00.563,143.7186,440
2016-02-29 11:47:02.785,143.7002,2808
2016-02-29 11:47:03.200,143.5901,836
2016-02-29 11:47:11.607,143.4989,1616
2016-02-29 11:47:20.105,143.5555,3584
2016-02-29 11:47:27.175,143.5481,4499
2016-02-29 11:47:33.880,143.495,1133
2016-02-29 11:47:41.871,143.3719,2836
2016-02-29 11:47:46.484,143.354,1015
2016-02-29 11:47:50.273,143.3408,1784
2016-02-29 11:47:55.680,143.3864,3540
2016-02-29 11:47:59.461,143.521,3416
2016-02-29 11:47:59.548,143.3995,3609
2016-02-29 11:48:08.397,143.3896,521
2016-02-29 11:48:17.283,143.5303,1906
2016-02-29 11:48:21.491,143.3969,3321
2016-02-29 11:48:24.128,143.3049,2141
2016-02-29 11:48:32.605,143.3177,440
2016-02-29 11:48:42.201,143.4592,2267
2016-02-29 11:48:49.478,143.3814,3371
2016-02-29 11:48:53.113,143.4266,1181
2016-02-29 11:48:54.827,143.4071,1974
2016-02-29 11:48:58.401,143.3441,2876
2016-02-29 11:49:08.035,143.295,2315
2016-02-29 11:49:17.598,143.2327,3268
2016-02-29 11:49:21.530,143.1366,826
2016-02-29 11:49:22.626,143.23,1196
2016-02-29 11:49:29.181,143.3745,3532
2016-02-29 11:49:38.422,143.3597,339
2016-02-29 11:49:41.558,143.5034,4517
2016-02-29 11:49:44.845,143.6464,2538
2016-02-29 11:49:53.350,143.5423,3272
2016-02-29 11:49:55.585,143.5028,4452
2016-02-29 11:49:59.664,143.4565,3820
2016-02-29 11:50:00.383,143.5688,503
2016-02-29 11:50:07.625,143.5242,1566
2016-02-29 11:50:17.193,143.5024,1296
2016-02-29 11:50:23.630,143.4894,4382
2016-02-29 11:50:27.828,143.5569,3152
2016-02-29 11:50:36.264,143.6101,1422
2016-02-29 11:50:41.397,143.4723,4253
2016-02-29 11:50:46.134,143.372,1642
2016-02-29 11:50:48.221,143.3733,1398
2016-02-29 11:50:52.774,143.4971,1454
2016-02-29 11:50:59.880,143.5667,1770
2016-02-29 11:51:09.294,143.6829,575
2016-02-29 11:51:10.524,143.6551,3617
2016-02-29 11:51:20.362,143.5718,1415
2016-02-29 11:51:26.972,143.5377,3686
2016-02-29 11:51:32.031,143.4751,1593
2016-02-29 11:51:41.695,143.5301,2943
2016-02-29 11:51:44.182,143.4343,1942
2016-02-29 11:51:48.980,143.4282,746
2016-02-29 11:51:53.662,143.5503,3059
2016-02-29 11:51:59.679,143.6916,4242
2016-02-29 11:51:59.934,143.7066,517
2016-02-29 11:52:08.744,143.8436,2724
2016-02-29 11:52:17.453,143.9635,99
2016-02-29 11:52:23.698,143.8305,1359
2016-02-29 11:52:24.673,143.9264,160
2016-02-29 11:52:27.985,143.8978,484
2016-02-29 11:52:30.701,143.8743,3364
2016-02-29 11:52:40.048,143.8951,4740
2016-02-29 11:52:47.023,143.8415,441
2016-02-29 11:52:54.803,143.831,866
2016-02-29 11:53:04.452,143.7917,2310
2016-02-29 11:53:11.062,143.6687,1123
2016-02-29 11:53:14.601,143.8122,3577
2016-02-29 11:53:18.726,143.8167,4531
2016-02-29 11:53:26.197,143.7754,3555
2016-02-29 11:53:33.048,143.7008,131
2016-02-29 11:53:34.324,143.7491,1673
2016-02-29 11:53:42.592,143.822,2572
2016-02-29 11:53:45.443,143.7182,3769
2016-02-29 11:53:54.935,143.6006,3101
2016-02-29 11:54:01.029,143.6101,4248
2016-02-29 11:54:08.973,143.7079,2038
2016-02-29 11:54:11.233,143.8348,3427
2016-02-29 11:54:17.834,143.8465,1148
2016-02-29 11:54:17.973,143.7255,2634
2016-02-29 11:54:20.782,143.8419,1988
2016-02-29 11:54:25.398,143.9287,4466
2016-02-29 11:54:25.420,143.8675,4082
2016-02-29 11:54:30.107,143.9755,1734
2016-02-29 11:54:35.265,143.9154,2419
2016-02-29 11:54:39.872,143.8171,1483
2016-02-29 11:54:41.191,143.8109,3390
2016-02-29 11:54:50.355,143.883,2426
2016-02-29 11:54:52.208,143.7628,528
2016-02-29 11:54:53.792,143.686,3191
2016-02-29 11:55:01.243,143.8285,4802
2016-02-29 11:55:07.279,143.9257,4401
2016-02-29 11:55:14.912,143.9404,3477
2016-02-29 11:55:22.883,143.9741,1772
2016-02-29 11:55:27.802,143.8338,4642
2016-02-29 11:55:32.100,143.7266,848
2016-02-29 11:55:36.194,143.8258,2859
2016-02-29 11:55:39.117,143.7812,2975
2016-02-29 11:55:43.390,143.659,1870
2016-02-29 11:55:46.885,143.6999,882
2016-02-29 11:55:54.693,143.6416,157
2016-02-29 11:55:59.762,143.786,901
2016-02-29 11:56:00.134,143.8871,4770
2016-02-29 11:56:05.211,143.7582,2591
2016-02-29 11:56:08.893,143.8465,166
2016-02-29 11:56:11.863,143.8154,2631
2016-02-29 11:56:16.839,143.7269,4856
2016-02-29 11:56:17.077,143.6104,4319
2016-02-29 11:56:24.393,143.5966,1950
2016-02-29 11:56:28.091,143.5213,4536
2016-02-29 11:56:31.979,143.4074,3424
2016-02-29 11:56:32.591,143.4141,2378
2016-02-29 11:56:33.270,143.452,3280
2016-02-29 11:56:38.175,143.3658,2081
2016-02-29 11:56:46.143,143.2961,3564
2016-02-29 11:56:46.465,143.2289,3338
2016-02-29 11:56:51.186,143.362,2299
2016-02-29 11:56:52.997,143.2646,1256
2016-02-29 11:56:56.361,143.1502,1619
2016-02-29 11:57:02.788,143.0992,2812
2016-02-29 11:57:07.371,143.0813,2993
2016-02-29 11:57:07.459,143.2026,3609
2016-02-29 11:57:16.357,143.2127,3611
2016-02-29 11:57:19.842,143.1367,4664
2016-02-29 11:57:21.427,143.0987,3652
2016-02-29 11:57:30.372,143.215,757
2016-02-29 11:57:37.771,143.0867,3481
2016-02-29 11:57:39.719,143.1684,30
2016-02-29 11:57:44.014,143.0567,1438
2016-02-29 11:57:44.824,142.9685,1818
2016-02-29 11:57:51.917,143,4729
2016-02-29 11:58:00.282,142.966,3315
2016-02-29 11:58:08.151,142.8475,1441
2016-02-29 11:58:16.590,142.7559,4734
2016-02-29 11:58:25.747,142.7383,4672
2016-02-29 11:58:30.952,142.7942,14
2016-02-29 11:58:33.416,142.823,3286
2016-02-29 11:58:36.320,142.7869,1936
2016-02-29 11:58:39.871,142.8498,754
2016-02-29 11:58:49.732,142.9836,3322
2016-02-29 11:58:50.686,142.9332,971
2016-02-29 11:58:54.636,142.9917,3397
2016-02-29 11:59:01.588,143.0322,3658
2016-02-29 11:59:07.767,143.107,1390
2016-02-29 11:59:09.683,143.1175,2251
2016-02-29 11:59:13.242,143.1644,2102
2016-02-29 11:59:17.511,143.2509,3969
2016-02-29 11:59:22.899,143.3896,542
2016-02-29 11:59:26.530,143.3438,3931
2016-02-29 11:59:32.677,143.2041,4418
2016-02-29 11:59:38.816,143.2537,4187
2016-02-29 11:59:39.646,143.2596,3925
2016-02-29 11:59:47.099,143.3912,3031
2016-02-29 11:59:49.144,143.3715,3790
2016-02-29 11:59:54.747,143.3506,1619
2016-02-29 11:59:55.172,143.3046,2882
2016-02-29 11:59:57.219,143.1738,2804
2016-02-29 12:00:01.960,143.0918,1028
2016-02-29 12:00:07.656,143.0682,4940
2016-02-29 12:00:14.202,143.1183,3131
2016-02-29 12:00:14.256,143.0972,734
2016-02-29 12:00:22.375,143.1482,4849
2016-02-29 12:00:30.212,143.1507,4871
2016-02-29 12:00:37.517,143.235,309
2016-02-29 12:00:42.804,143.1262,4208
2016-02-29 12:00:50.801,143.2267,2379
2016-02-29 12:00:59.001,143.3712,741
2016-02-29 12:00:59.151,143.3493,1415
2016-02-29 12:01:07.501,143.4763,2869
2016-02-29 12:01:10.117,143.5343,1579
2016-02-29 12:01:17.642,143.6334,3419
2016-02-29 12:01:21.436,143.5666,2018
2016-02-29 12:01:30.168,143.6086,2311
2016-02-29 12:01:32.686,143.5866,4133
2016-02-29 12:01:33.091,143.6389,2073
2016-02-29 12:01:37.181,143.5174,205
2016-02-29 12:01:45.106,143.4995,931
2016-02-29 12:01:55.071,143.5759,1498
2016-02-29 12:02:04.203,143.4469,1879
2016-02-29 12:02:13.339,143.334,395
2016-02-29 12:02:21.487,143.2143,2739
2016-02-29 12:02:22.746,143.2149,345
2016-02-29 12:02:24.471,143.1225,190
2016-02-29 12:02:25.854,143.1863,1804
2016-02-29 12:02:29.243,143.1371,114
2016-02-29 12:02:37.590,143.1902,3759
2016-02-29 12:02:39.010,143.2991,389
2016-02-29 12:02:45.089,143.3135,1743
2016-02-29 12:02:52.289,143.3085,3232
2016-02-29 12:02:57.466,143.3592,1799
2016-02-29 12:02:59.075,143.4967,2705
2016-02-29 12:03:08.967,143.3951,3427
2016-02-29 12:03:15.067,143.5118,2034
2016-02-29 12:03:20.313,143.5273,3498
2016-02-29 12:03:29.147,143.427,735
2016-02-29 12:03:32.051,143.5421,192
2016-02-29 12:03:38.628,143.5724,858
2016-02-29 12:03:40.567,143.6659,1288
2016-02-29 12:03:45.653,143.7333,992
2016-02-29 12:03:52.941,143.8622,3618
2016-02-29 12:04:01.740,143.7903,787
2016-02-29 12:04:04.349,143.8542,1431
2016-02-29 12:04:11.602,143.7238,3122
2016-02-29 12:04:17.116,143.8266,1810
2016-02-29 12:04:17.251,143.7208,145
2016-02-29 12:04:25.985,143.5947,3254
2016-02-29 12:04:35.081,143.6582,230
2016-02-29 12:04:37.943,143.7243,1927
2016-02-29 12:04:44.492,143.8565,2760
2016-02-29 12:04:48.749,143.9388,704
2016-02-29 12:04:50.217,144.0529,848
2016-02-29 12:04:54.393,143.942,1305
2016-02-29 12:05:02.277,143.8693,1324
2016-02-29 12:05:11.865,143.9199,480
2016-02-29 12:05:20.803,144.0266,4506
2016-02-29 12:05:21.778,144.1226,4422
2016-02-29 12:05:22.999,144.2213,799
2016-02-29 12:05:29.867,144.3194,1096
2016-02-29 12:05:35.914,144.3794,1219
2016-02-29 12:05:40.764,144.3963,4502
2016-02-29 12:05:48.974,144.3709,1741
2016-02-29 12:05:54.807,144.4833,4321
2016-02-29 12:05:56.515,144.5641,2801
2016-02-29 12:06:00.422,144.4281,1290
2016-02-29 12:06:02.956,144.5727,2130
2016-02-29 12:06:04.547,144.4726,3007
2016-02-29 12:06:07.352,144.5858,2673
2016-02-29 12:06:13.529,144.6178,1149
2016-02-29 12:06:21.675,144.7441,4475
2016-02-29 12:06:23.416,144.6665,5
2016-02-29 12:06:31.467,144.7481,3285
2016-02-29 12:06:40.507,144.736,3158
2016-02-29 12:06:48.822,144.7895,108
2016-02-29 12:06:58.330,144.8189,4693
2016-02-29 12:07:06.666,144.798,4364
2016-02-29 12:07:16.503,144.7358,275
2016-02-29 12:07:22.434,144.6548,1474
2016-02-29 12:07:31.155,144.7218,3808
2016-02-29 12:07:33.490,144.8617,1991
2016-02-29 12:07:39.682,145.0024,3105
2016-02-29 12:07:46.439,145.0777,1073
2016-02-29 12:07:51.255,145.0228,4735
2016-02-29 12:07:59.463,144.9849,2140
2016-02-29 12:08:01.822,145.1009,251
2016-02-29 12:08:08.485,145.0269,2024
2016-02-29 12:08:13.530,145.1149,3390
2016-02-29 12:08:17.616,145.2095,3249
2016-02-29 12:08:26.336,145.1675,2771
2016-02-29 12:08:34.040,145.262,1886
2016-02-29 12:08:41.481,145.3256,2303
2016-02-29 12:08:46.031,145.1853,422
2016-02-29 12:08:46.617,145.1966,894
2016-02-29 12:08:54.384,145.3036,3842
2016-02-29 12:09:02.114,145.2596,2092
2016-02-29 12:09:12.028,145.3647,1795
2016-02-29 12:09:15.600,145.3479,3919
2016-02-29 12:09:22.505,145.2712,4421
2016-02-29 12:09:25.500,145.344,610
2016-02-29 12:09:32.531,145.2042,4376
2016-02-29 12:09:38.718,145.2581,4897
2016-02-29 12:09:47.823,145.1331,90
2016-02-29 12:09:57.008,145.1763,4685
2016-02-29 12:09:59.915,145.2072,4960
2016-02-29 12:10:04.025,145.2337,966
2016-02-29 12:10:05.632,145.1419,3370
2016-02-29 12:10:10.269,145.1706,1990
2016-02-29 12:10:11.613,145.1997,4958
2016-02-29 12:10:18.210,145.2963,4847
2016-02-29 12:10:23.786,145.4296,3233
2016-02-29 12:10:27.516,145.5114,1263
2016-02-29 12:10:32.613,145.5936,2325
2016-02-29 12:10:38.440,145.6186,1501
2016-02-29 12:10:41.030,145.5961,1141
2016-02-29 12:10:46.584,145.6642,2720
2016-02-29 12:10:49.547,145.5235,1933
2016-02-29 12:10:58.425,145.4691,1827
2016-02-29 12:11:03.346,145.5875,37
2016-02-29 12:11:07.798,145.6896,2139
2016-02-29 12:11:09.816,145.5712,4325
2016-02-29 12:11:12.763,145.5566,3544
2016-02-29 12:11:15.750,145.5532,4551
2016-02-29 12:11:19.302,145.6452,1363
2016-02-29 12:11:22.456,145.7797,1916
2016-02-29 12:11:28.580,145.7243,2791
2016-02-29 12:11:28.927,145.5943,1833
2016-02-29 12:11:32.219,145.6388,3992
2016-02-29 12:11:39.429,145.5267,4887
2016-02-29 12:11:40.977,145.3911,3044
2016-02-29 12:11:47.365,145.4698,3075
2016-02-29 12:11:55.448,145.3961,3697
2016-02-29 12:11:55.633,145.3442,790
2016-02-29 12:11:57.679,145.4865,3143
2016-02-29 12:12:01.561,145.5259,4353
2016-02-29 12:12:08.644,145.6621,4514
2016-02-29 12:12:12.925,145.5909,4811
2016-02-29 12:12:13.560,145.6131,4583
2016-02-29 12:12:15.724,145.6055,86
2016-02-29 12:12:22.619,145.5964,3309
2016-02-29 12:12:28.910,145.5677,2242
2016-02-29 12:12:29.891,145.654,2424
2016-02-29 12:12:31.689,145.7406,2488
2016-02-29 12:12:41.296,145.6076,396
2016-02-29 12:12:47.903,145.6479,2789
2016-02-29 12:12:53.386,145.5753,4899
2016-02-29 12:13:02.906,145.6829,1000
2016-02-29 12:13:07.755,145.6342,3983
2016-02-29 12:13:12.411,145.6715,3872
2016-02-29 12:13:17.567,145.5577,3884
2016-02-29 12:13:20.202,145.694,4461
2016-02-29 12:13:26.198,145.6036,2734
2016-02-29 12:13:31.222,145.595,1353
2016-02-29 12:13:37.158,145.6984,3808
2016-02-29 12:13:38.174,145.7039,2303
2016-02-29 12:13:48.116,145.6316,1357
2016-02-29 12:13:50.682,145.5794,3741
2016-02-29 12:13:54.767,145.5687,1086
2016-02-29 12:14:01.461,145.5599,279
2016-02-29 12:14:03.447,145.6982,2826
2016-02-29 12:14:08.035,145.7835,1310
2016-02-29 12:14:11.153,145.8285,4930
2016-02-29 12:14:14.541,145.7717,1125
2016-02-29 12:14:21.472,145.7199,768
2016-02-29 12:14:27.066,145.8037,438
2016-02-29 12:14:36.394,145.7331,3283
2016-02-29 12:14:40.560,145.8204,1030
2016-02-29 12:14:46.263,145.8711,4341
2016-02-29 12:14:55.581,145.9341,4155
2016-02-29 12:15:02.784,145.856,1564
2016-02-29 12:15:11.585,145.8698,4417
2016-02-29 12:15:13.340,145.7578,2557
2016-02-29 12:15:20.930,145.6617,3016
2016-02-29 12:15:21.205,145.5447,1768
2016-02-29 12:15:28.930,145.5164,2778
2016-02-29 12:15:38.909,145.5181,53
2016-02-29 12:15:47.584,145.5851,4905
2016-02-29 12:15:54.212,145.6474,4835
2016-02-29 12:15:56.973,145.7011,4205
2016-02-29 12:15:57.206,145.7923,4746
2016-02-29 12:15:58.900,145.6628,1462
2016-02-29 12:16:07.897,145.6371,4343
2016-02-29 12:16:10.213,145.7526,1542
2016-02-29 12:16:11.849,145.7195,3571
2016-02-29 12:16:19.970,145.8594,755
2016-02-29 12:16:26.392,145.9654,4397
2016-02-29 12:16:32.984,146.0071,1670
2016-02-29 12:16:39.401,145.9393,1080
2016-02-29 12:16:45.447,146.0521,388
2016-02-29 12:16:47.891,145.9902,2067
2016-02-29 12:16:47.991,145.932,3034
2016-02-29 12:16:55.187,145.9114,2426
2016-02-29 12:17:01.767,145.8472,3148
2016-02-29 12:17:06.943,145.7156,645
2016-02-29 12:17:16.668,145.7783,906
2016-02-29 12:17:24.493,145.8417,363
2016-02-29 12:17:29.662,145.9298,4481
2016-02-29 12:17:32.166,146.0728,607
2016-02-29 12:17:39.234,145.9892,260
2016-02-29 12:17:42.153,146.0681,2859
2016-02-29 12:17:52.106,146.1934,2212
2016-02-29 12:17:54.458,146.1595,2825
2016-02-29 12:17:56.544,146.1341,4890
2016-02-29 12:18:00.733,146.0059,3349
2016-02-29 12:18:04.390,145.8988,4025
2016-02-29 12:18:11.040,146.0274,637
2016-02-29 12:18:13.085,145.9307,511
2016-02-29 12:18:20.601,145.9242,3366
2016-02-29 12:18:28.797,145.8314,3455
2016-02-29 12:18:36.027,145.9489,2330
2016-02-29 12:18:45.868,145.8859,853
2016-02-29 12:18:54.463,145.894,2564
2016-02-29 12:18:57.520,145.9102,1650
2016-02-29 12:19:04.288,145.8095,3875
2016-02-29 12:19:08.743,145.8765,829
2016-02-29 12:19:09.368,145.9324,496
2016-02-29 12:19:16.348,145.9615,3602
2016-02-29 12:19:20.970,145.9632,3512
2016-02-29 12:19:27.896,145.972,2914
2016-02-29 12:19:37.389,145.9448,3504
2016-02-29 12:19:44.687,145.9548,1435
2016-02-29 12:19:51.498,146.0139,2795
2016-02-29 12:20:00.294,145.9993,1469
2016-02-29 12:20:00.674,145.8841,877
2016-02-29 12:20:09.411,145.914,3531
2016-02-29 12:20:11.306,146.0524,1015
2016-02-29 12:20:18.958,145.9103,4
2016-02-29 12:20:23.995,145.9007,3327
2016-02-29 12:20:26.120,145.7847,2386
2016-02-29 12:20:30.238,145.8783,4156
2016-02-29 12:20:32.384,145.7862,3333
2016-02-29 12:20:38.291,145.9143,2378
2016-02-29 12:20:38.832,145.969,2320
2016-02-29 12:20:42.939,145.872,3239
2016-02-29 12:20:52.131,145.8076,782
2016-02-29 12:20:59.153,145.7974,299
2016-02-29 12:21:07.778,145.9314,3853
2016-02-29 12:21:12.280,145.9346,2730
2016-02-29 12:21:19.508,146.0771,831
2016-02-29 12:21:23.892,145.9354,1808
2016-02-29 12:21:25.622,146.0011,2878
2016-02-29 12:21:30.776,145.9876,2024
2016-02-29 12:21:39.953,146.1132,4610
2016-02-29 12:21:46.444,146.0149,2400
2016-02-29 12:21:50.274,145.9476,447
2016-02-29 12:21:50.544,145.8166,1236
2016-02-29 12:21:51.654,145.6729,1273
2016-02-29 12:21:57.768,145.5516,2095
2016-02-29 12:22:06.640,145.5872,2900
2016-02-29 12:22:09.205,145.522,3741
2016-02-29 12:22:18.767,145.6514,2791
2016-02-29 12:22:21.978,145.6241,3179
2016-02-29 12:22:28.601,145.5513,2774
2016-02-29 12:22:35.485,145.4674,1938
2016-02-29 12:22:42.311,145.4991,185
2016-02-29 12:22:47.817,145.5266,3001
2016-02-29 12:22:54.237,145.4816,4123
2016-02-29 12:22:54.356,145.5764,3584
2016-02-29 12:22:58.337,145.5578,4397
2016-02-29 12:23:01.992,145.425,2168
2016-02-29 12:23:05.571,145.4211,2939
2016-02-29 12:23:12.364,145.3543,1503
2016-02-29 12:23:19.458,145.4703,3267
2016-02-29 12:23:25.238,145.5712,917
2016-02-29 12:23:29.954,145.4711,3538
2016-02-29 12:23:32.135,145.5826,2448
2016-02-29 12:23:39.322,145.7141,1603
2016-02-29 12:23:45.881,145.6459,4871
2016-02-29 12:23:48.508,145.7649,1696
2016-02-29 12:23:55.170,145.851,4404
2016-02-29 12:23:57.320,145.8266,2304
2016-02-29 12:23:59.095,145.7601,977
2016-02-29 12:24:04.833,145.7563,2995
2016-02-29 12:24:12.973,145.8551,4471
2016-02-29 12:24:21.582,145.896,4803
2016-02-29 12:24:25.692,145.8613,4379
2016-02-29 12:24:35.139,145.7497,4712
2016-02-29 12:24:38.610,145.6895,3477
2016-02-29 12:24:47.962,145.8341,4248
2016-02-29 12:24:50.267,145.8123,2186
2016-02-29 12:24:55.790,145.8417,3306
2016-02-29 12:24:59.007,145.9449,617
2016-02-29 12:25:03.230,145.8279,1635
2016-02-29 12:25:11.074,145.6945,4016
2016-02-29 12:25:16.471,145.5681,2490
2016-02-29 12:25:19.503,145.5385,3648
2016-02-29 12:25:26.421,145.4651,2486
2016-02-29 12:25:33.477,145.5836,802
2016-02-29 12:25:40.617,145.6994,3284
2016-02-29 12:25:45.215,145.5856,2033
2016-02-29 12:25:51.000,145.5549,827
2016-02-29 12:25:57.272,145.679,2125
2016-02-29 12:26:03.741,145.5612,2688
2016-02-29 12:26:08.081,145.4651,3826
2016-02-29 12:26:09.983,145.3715,3444
2016-02-29 12:26:13.086,145.5181,4051
2016-02-29 12:26:20.754,145.5988,3893
2016-02-29 12:26:21.449,145.5965,4056
2016-02-29 12:26:30.761,145.7352,4114
2016-02-29 12:26:39.366,145.8047,1126
2016-02-29 12:26:40.732,145.7618,3070
2016-02-29 12:26:42.846,145.6896,4663
2016-02-29 12:26:44.899,145.653,1882
2016-02-29 12:26:45.958,145.7908,3899
2016-02-29 12:26:55.819,145.8866,1728
2016-02-29 12:27:01.913,146.0109,1483
2016-02-29 12:27:04.027,145.9901,3451
2016-02-29 12:27:06.296,145.9691,1443
2016-02-29 12:27:12.028,145.9551,4785
2016-02-29 12:27:16.017,145.8769,1487
2016-02-29 12:27:18.117,145.9578,1980
2016-02-29 12:27:26.964,146.0329,3436
2016-02-29 12:27:36.741,146.1007,2719
2016-02-29 12:27:38.130,145.9652,626
2016-02-29 12:27:40.929,145.883,2802
2016-02-29 12:27:46.588,145.9978,2923
2016-02-29 12:27:53.200,146.0985,3324
2016-02-29 12:28:02.581,146.2269,1562
2016-02-29 12:28:06.229,146.2871,3784
2016-02-29 12:28:15.058,146.3068,4897
2016-02-29 12:28:22.904,146.4321,483
2016-02-29 12:28:30.720,146.3666,3773
2016-02-29 12:28:39.146,146.2314,4531
2016-02-29 12:28:40.458,146.1366,2093
2016-02-29 12:28:44.223,146.1196,2228
2016-02-29 12:28:50.752,146.0326,1946
2016-02-29 12:28:54.072,146.1048,1320
2016-02-29 12:28:55.987,146.1054,3650
2016-02-29 12:29:02.560,146.1755,2921
2016-02-29 12:29:08.877,146.1327,2090
2016-02-29 12:29:14.816,146.0317,4083
2016-02-29 12:29:16.861,146.1303,1935
2016-02-29 12:29:18.695,146.1451,1408
2016-02-29 12:29:26.031,146.1105,1759
2016-02-29 12:29:29.765,146.0693,3981
2016-02-29 12:29:33.998,146.1675,3024
2016-02-29 12:29:34.694,146.0431,2399
2016-02-29 12:29:35.000,145.9219,2792
2016-02-29 12:29:42.705,145.7803,2285
2016-02-29 12:29:45.627,145.8815,2609
2016-02-29 12:29:46.251,145.8473,250
2016-02-29 12:29:50.969,145.9558,1950
2016-02-29 12:29:57.753,146.0967,1726
2016-02-29 12:30:03.191,146.0732,1753
2016-02-29 12:30:05.765,146.1507,1289
2016-02-29 12:30:13.756,146.0085,100
2016-02-29 12:30:16.986,146.0684,2167
2016-02-29 12:30:23.066,146.1328,3676
2016-02-29 12:30:31.223,146.0225,4050
2016-02-29 12:30:34.233,146.1164,1911
2016-02-29 12:30:39.983,145.9981,346
2016-02-29 12:30:41.510,146.1274,749
2016-02-29 12:30:48.048,146.0832,1037
2016-02-29 12:30:54.751,146.2108,2608
2016-02-29 12:31:04.539,146.1845,482
2016-02-29 12:31:04.614,146.278,4716
2016-02-29 12:31:05.536,146.3748,1894
2016-02-29 12:31:10.443,146.2611,4001
2016-02-29 12:31:12.144,146.1322,1953
2016-02-29 12:31:20.185,146.0783,4842
2016-02-29 12:31:26.423,145.9903,2773
2016-02-29 12:31:32.144,145.8757,639
2016-02-29 12:31:40.364,145.9526,2321
2016-02-29 12:31:40.443,146.0799,3772
2016-02-29 12:31:48.410,146.0213,3725
2016-02-29 12:31:52.168,145.9438,231
2016-02-29 12:31:56.938,146.055,2048
2016-02-29 12:32:03.661,146.1966,4269
2016-02-29 12:32:05.655,146.1124,910
2016-02-29 12:32:14.617,146.0502,924
2016-02-29 12:32:18.033,145.9735,3857
2016-02-29 12:32:20.046,146.0342,2062
2016-02-29 12:32:23.394,146.0743,1103
2016-02-29 12:32:32.245,146.1483,2135
2016-02-29 12:32:39.033,146.2185,4862
2016-02-29 12:32:44.507,146.2112,1989
2016-02-29 12:32:49.796,146.1862,2588
2016-02-29 12:32:57.271,146.2048,2704
2016-02-29 12:33:03.347,146.1719,4775
2016-02-29 12:33:12.682,146.1687,3694
2016-02-29 12:33:19.003,146.0813,466
2016-02-29 12:33:27.582,145.998,4655
2016-02-29 12:33:31.356,145.9158,1090
2016-02-29 12:33:39.360,145.9399,3028
2016-02-29 12:33:48.640,145.8916,2247
2016-02-29 12:33:53.291,145.8774,435
2016-02-29 12:33:55.415,145.9963,1904
2016-02-29 12:33:56.850,146.0213,889
2016-02-29 12:34:02.630,146.0061,4525
2016-02-29 12:34:10.133,145.9746,628
2016-02-29 12:34:13.151,145.975,4077
2016-02-29 12:34:13.256,145.9634,1781
2016-02-29 12:34:22.786,145.966,818
2016-02-29 12:34:30.556,145.8448,1071
2016-02-29 12:34:34.796,145.7683,2916
2016-02-29 12:34:43.266,145.875,4310
2016-02-29 12:34:48.760,145.838,2499
2016-02-29 12:34:58.158,145.8917,4394
2016-02-29 12:35:02.353,145.7549,1788
2016-02-29 12:35:03.024,145.6302,1510
2016-02-29 12:35:03.240,145.6461,1835
2016-02-29 12:35:11.771,145.7237,4863
2016-02-29 12:35:20.994,145.7058,361
2016-02-29 12:35:30.905,145.7189,1680
2016-02-29 12:35:39.768,145.8298,3022
2016-02-29 12:35:44.647,145.7066,2234
2016-02-29 12:35:51.709,145.8519,84
2016-02-29 12:35:53.379,145.7242,4461
2016-02-29 12:36:01.940,145.8442,1556
2016-02-29 12:36:02.832,145.7102,2021
2016-02-29 12:36:08.642,145.5895,830
2016-02-29 12:36:17.926,145.567,2952
2016-02-29 12:36:21.490,145.527,856
2016-02-29 12:36:26.951,145.4155,1799
2016-02-29 12:36:27.755,145.4938,4438
2016-02-29 12:36:27.948,145.5431,2068
2016-02-29 12:36:30.384,145.6654,2611
2016-02-29 12:36:32.325,145.7795,1064
2016-02-29 12:36:35.225,145.6701,674
2016-02-29 12:36:37.081,145.7877,4399
2016-02-29 12:36:38.857,145.8509,770
2016-02-29 12:36:38.971,145.7187,2194
2016-02-29 12:36:47.020,145.7458,1674
2016-02-29 12:36:48.148,145.8248,4693
2016-02-29 12:36:57.040,145.7199,3890
2016-02-29 12:36:58.848,145.5774,2812
2016-02-29 12:37:08.141,145.4365,916
2016-02-29 12:37:08.681,145.4157,1343
2016-02-29 12:37:12.106,145.2948,3855
2016-02-29 12:37:14.798,145.2837,4113
2016-02-29 12:37:20.458,145.3147,4495
2016-02-29 12:37:28.947,145.3789,1474
2016-02-29 12:37:31.074,145.2919,835
2016-02-29 12:37:41.002,145.2966,2382
2016-02-29 12:37:47.775,145.2296,1363
2016-02-29 12:37:56.357,145.3605,2103
2016-02-29 12:38:01.751,145.2293,488
2016-02-29 12:38:08.545,145.1338,914
2016-02-29 12:38:09.865,145.019,147
2016-02-29 12:38:15.301,144.9273,3494
2016-02-29 12:38:22.129,144.7986,2162
2016-02-29 12:38:27.682,144.7509,3639
2016-02-29 12:38:30.954,144.6564,1312
2016-02-29 12:38:32.145,144.7461,4719
2016-02-29 12:38:40.618,144.8068,2361
2016-02-29 12:38:48.978,144.6732,2872
2016-02-29 12:38:51.270,144.7153,2897
2016-02-29 12:38:52.752,144.6145,3585
2016-02-29 12:38:58.564,144.6548,3729
2016-02-29 12:39:06.846,144.5138,437
2016-02-29 12:39:07.770,144.3874,2535
2016-02-29 12:39:13.585,144.4681,1282
2016-02-29 12:39:17.694,144.3684,2486
2016-02-29 12:39:26.709,144.3864,4828
2016-02-29 12:39:35.604,144.3036,2544
2016-02-29 12:39:39.859,144.2574,4860
2016-02-29 12:39:43.439,144.3827,4025
2016-02-29 12:39:45.026,144.3447,921
2016-02-29 12:39:52.754,144.3358,1344
2016-02-29 12:39:55.680,144.3846,4757
2016-02-29 12:39:55.972,144.42,3360
2016-02-29 12:39:59.449,144.2795,2497
2016-02-29 12:40:02.666,144.3285,4183
2016-02-29 12:40:04.627,144.4266,4449
2016-02-29 12:40:14.174,144.3844,4596
2016-02-29 12:40:18.367,144.3619,3477
2016-02-29 12:40:24.163,144.3017,3126
2016-02-29 12:40:28.128,144.2013,1038
2016-02-29 12:40:35.881,144.3314,1803
2016-02-29 12:40:38.600,144.3654,4420
2016-02-29 12:40:44.605,144.3019,477
2016-02-29 12:40:51.503,144.3156,1670
2016-02-29 12:40:58.853,144.3852,1331
2016-02-29 12:41:06.683,144.2735,3877
2016-02-29 12:41:08.696,144.384,1214
2016-02-29 12:41:14.125,144.4776,2928
2016-02-29 12:41:23.627,144.3549,1870
2016-02-29 12:41:32.180,144.4182,347
2016-02-29 12:41:40.527,144.5519,3895
2016-02-29 12:41:48.772,144.5059,4076
2016-02-29 12:41:58.611,144.4983,689
2016-02-29 12:42:06.473,144.4454,4315
2016-02-29 12:42:07.046,144.5021,4442
2016-02-29 12:42:08.834,144.4688,4221
2016-02-29 12:42:11.994,144.4584,1565
2016-02-29 12:42:20.093,144.4506,2024
2016-02-29 12:42:29.977,144.4823,3997
2016-02-29 12:42:32.018,144.5641,510
2016-02-29 12:42:36.915,144.508,1760
2016-02-29 12:42:38.614,144.5115,3240
2016-02-29 12:42:43.896,144.4005,3207
2016-02-29 12:42:53.756,144.2713,3055
2016-02-29 12:42:54.080,144.1475,2836
2016-02-29 12:43:02.346,144.2721,1651
2016-02-29 12:43:09.306,144.2192,3209
2016-02-29 12:43:15.693,144.2249,1833
2016-02-29 12:43:19.039,144.268,4097
2016-02-29 12:43:24.619,144.3721,4018
2016-02-29 12:43:25.270,144.3341,4476
2016-02-29 12:43:27.746,144.417,1591
2016-02-29 12:43:28.530,144.416,2883
2016-02-29 12:43:28.641,144.3657,2493
2016-02-29 12:43:29.393,144.2974,1431
2016-02-29 12:43:37.289,144.3569,4480
2016-02-29 12:43:38.322,144.3915,755
2016-02-29 12:43:44.932,144.3698,4434
2016-02-29 12:43:47.101,144.231,2988
2016-02-29 12:43:56.527,144.3523,4002
2016-02-29 12:43:57.261,144.3552,1986
2016-02-29 12:44:04.774,144.4486,3960
2016-02-29 12:44:14.611,144.4729,4253
2016-02-29 12:44:18.104,144.4822,3438
2016-02-29 12:44:28.051,144.4163,1787
2016-02-29 12:44:37.084,144.4932,804
2016-02-29 12:44:42.513,144.4932,3482
2016-02-29 12:44:42.983,144.6378,2576
2016-02-29 12:44:44.078,144.7726,4647
2016-02-29 12:44:45.418,144.6664,2634
2016-02-29 12:44:55.085,144.6281,4162
2016-02-29 12:45:02.105,144.5251,1823
2016-02-29 12:45:04.819,144.6128,472
2016-02-29 12:45:14.269,144.6754,3611
2016-02-29 12:45:22.784,144.6732,2027
2016-02-29 12:45:27.305,144.6315,1663
2016-02-29 12:45:32.883,144.6577,814
2016-02-29 12:45:40.601,144.7351,4060
2016-02-29 12:45:41.467,144.6555,1755
2016-02-29 12:45:42.991,144.6601,1720
2016-02-29 12:45:45.531,144.5851,2830
2016-02-29 12:45:49.177,144.5939,4440
2016-02-29 12:45:58.723,144.567,4472
2016-02-29 12:45:59.418,144.5944,3064
2016-02-29 12:46:09.333,144.5375,70
2016-02-29 12:46:09.754,144.4435,290
2016-02-29 12:46:11.206,144.4773,1339
2016-02-29 12:46:17.487,144.5364,1190
2016-02-29 12:46:17.502,144.5776,4967
2016-02-29 12:46:24.160,144.5073,4295
2016-02-29 12:46:28.778,144.6031,291
2016-02-29 12:46:31.734,144.4801,58
2016-02-29 12:46:37.498,144.5542,158
2016-02-29 12:46:45.466,144.6549,2542
2016-02-29 12:46:49.597,144.7685,2441
2016-02-29 12:46:49.943,144.8317,42
2016-02-29 12:46:55.552,144.7879,3922
2016-02-29 12:46:59.602,144.7343,1893
2016-02-29 12:47:02.636,144.8626,467
2016-02-29 12:47:10.597,144.8169,1788
2016-02-29 12:47:14.308,144.7497,2706
2016-02-29 12:47:20.081,144.7619,1765
2016-02-29 12:47:23.913,144.8502,1649
2016-02-29 12:47:29.411,144.9148,4917
2016-02-29 12:47:34.173,144.8127,1551
2016-02-29 12:47:35.021,144.8477,1977
2016-02-29 12:47:43.236,144.7258,270
2016-02-29 12:47:44.895,144.6027,1919
2016-02-29 12:47:46.650,144.4653,3970
2016-02-29 12:47:50.465,144.4743,1226
2016-02-29 12:47:56.539,144.5886,1503
2016-02-29 12:48:01.160,144.4596,4153
2016-02-29 12:48:09.092,144.5719,755
2016-02-29 12:48:18.762,144.5678,1052
2016-02-29 12:48:20.832,144.6146,633
2016-02-29 12:48:22.079,144.531,803
2016-02-29 12:48:26.236,144.4473,2180
2016-02-29 12:48:27.694,144.5305,1063
2016-02-29 12:48:28.629,144.6691,2738
2016-02-29 12:48:30.739,144.7183,3102
2016-02-29 12:48:39.379,144.8208,705
2016-02-29 12:48:45.068,144.7266,2057
2016-02-29 12:48:47.537,144.8633,2361
2016-02-29 12:48:50.142,144.92,3287
2016-02-29 12:48:50.218,145.0151,1572
2016-02-29 12:48:58.786,145.1295,3686
2016-02-29 12:49:02.284,145.0154,2268
2016-02-29 12:49:03.264,144.9361,1442
2016-02-29 12:49:13.044,144.9192,405
2016-02-29 12:49:13.636,144.9185,1845
2016-02-29 12:49:17.203,144.9016,3405
2016-02-29 12:49:24.903,144.7864,3760
2016-02-29 12:49:32.292,144.7794,1
2016-02-29 12:49:36.892,144.6695,2159
2016-02-29 12:49:41.602,144.6529,1012
2016-02-29 12:49:46.826,144.7937,1339
2016-02-29 12:49:49.285,144.7193,3961
2016-02-29 12:49:56.991,144.6213,4141
2016-02-29 12:50:00.562,144.6744,2800
2016-02-29 12:50:02.827,144.5376,1313
2016-02-29 12:50:08.355,144.4936,2268
2016-02-29 12:50:14.537,144.4482,575
2016-02-29 12:50:20.088,144.5066,1226
2016-02-29 12:50:24.653,144.3898,3748
2016-02-29 12:50:32.635,144.5057,3880
2016-02-29 12:50:36.017,144.3732,1044
2016-02-29 12:50:45.808,144.3847,173
2016-02-29 12:50:46.985,144.2779,4109
2016-02-29 12:50:54.799,144.3054,2235
2016-02-29 12:50:58.446,144.2497,2357
2016-02-29 12:51:04.377,144.1863,4367
2016-02-29 12:51:11.435,144.1824,4359
2016-02-29 12:51:11.712,144.0618,73
2016-02-29 12:51:14.076,143.9446,1947
2016-02-29 12:51:14.466,144.0392,4793
2016-02-29 12:51:15.169,144.1558,1495
2016-02-29 12:51:17.295,144.2033,3934
2016-02-29 12:51:24.212,144.211,2324
2016-02-29 12:51:32.562,144.1748,4010
2016-02-29 12:51:36.480,144.2139,2298
2016-02-29 12:51:46.313,144.0972,388
2016-02-29 12:51:51.982,144.1348,2663
2016-02-29 12:51:53.246,144.0866,519
2016-02-29 12:51:58.751,144.0909,1550
2016-02-29 12:52:00.387,144.2044,1601
2016-02-29 12:52:02.880,144.1546,1030
2016-02-29 12:52:10.648,144.1757,142
2016-02-29 12:52:14.901,144.0354,270
2016-02-29 12:52:21.979,143.9172,1511
2016-02-29 12:52:29.656,143.9379,4550
2016-02-29 12:52:32.407,143.9867,3955
2016-02-29 12:52:35.298,144.106,2372
2016-02-29 12:52:42.996,144.2255,4477
2016-02-29 12:52:43.405,144.2758,4070
2016-02-29 12:52:50.023,144.3116,4900
2016-02-29 12:52:59.881,144.2155,3598
2016-02-29 12:53:00.637,144.0895,3367
2016-02-29 12:53:06.966,144.1422,4501
2016-02-29 12:53:14.105,144.1996,4086
2016-02-29 12:53:23.728,144.2999,3280
2016-02-29 12:53:24.891,144.227,3509
2016-02-29 12:53:27.265,144.2504,139
2016-02-29 12:53:31.583,144.3071,3295
2016-02-29 12:53:37.668,144.3006,1271
2016-02-29 12:53:40.936,144.4017,4822
2016-02-29 12:53:45.476,144.4932,1581
2016-02-29 12:53:47.946,144.5255,2209
2016-02-29 12:53:52.075,144.5638,1438
2016-02-29 12:53:59.224,144.4388,2559
2016-02-29 12:54:05.941,144.3733,4863
2016-02-29 12:54:15.258,144.393,1442
2016-02-29 12:54:16.354,144.4185,1833
2016-02-29 12:54:16.393,144.5124,738
2016-02-29 12:54:24.943,144.5955,2153
2016-02-29 12:54:28.528,144.6445,230
2016-02-29 12:54:32.749,144.6824,2151
2016-02-29 12:54:34.203,144.6951,1399
2016-02-29 12:54:39.383,144.6337,1327
2016-02-29 12:54:42.668,144.7122,2516
2016-02-29 12:54:51.260,144.7945,1309
2016-02-29 12:54:51.647,144.813,2769
2016-02-29 12:54:54.373,144.7228,2509
2016-02-29 12:55:00.328,144.8648,1153
2016-02-29 12:55:07.239,144.9417,1114
2016-02-29 12:55:09.606,145.0068,2407
2016-02-29 12:55:17.318,144.8988,2157
2016-02-29 12:55:25.231,144.839,3271
2016-02-29 12:55:34.154,144.7186,2909
2016-02-29 12:55:43.760,144.8593,1772
2016-02-29 12:55:53.577,144.8647,3511
2016-02-29 12:55:53.749,144.762,4662
2016-02-29 12:56:03.690,144.6264,670
2016-02-29 12:56:08.327,144.5162,2579
2016-02-29 12:56:16.101,144.5879,4915
2016-02-29 12:56:23.263,144.7054,548
2016-02-29 12:56:26.707,144.6465,563
2016-02-29 12:56:35.601,144.5105,1277
2016-02-29 12:56:39.255,144.4529,2308
2016-02-29 12:56:44.364,144.3168,3972
2016-02-29 12:56:54.300,144.4291,3160
2016-02-29 12:57:02.955,144.4987,373
2016-02-29 12:57:07.733,144.4765,4847
2016-02-29 12:57:09.256,144.6067,210
2016-02-29 12:57:13.810,144.7283,3016
2016-02-29 12:57:16.433,144.7036,939
2016-02-29 12:57:24.128,144.7173,82
2016-02-29 12:57:28.621,144.5837,394
2016-02-29 12:57:33.381,144.5767,2764
2016-02-29 12:57:40.799,144.6924,4862
2016-02-29 12:57:41.291,144.6783,983
2016-02-29 12:57:48.712,144.6772,669
2016-02-29 12:57:49.482,144.5361,2740
2016-02-29 12:57:55.089,144.5058,325
2016-02-29 12:57:55.399,144.6084,1858
2016-02-29 12:57:59.693,144.6752,4768
2016-02-29 12:58:00.724,144.8144,2142
2016-02-29 12:58:02.178,144.7521,667
2016-02-29 12:58:11.300,144.8017,4809
2016-02-29 12:58:18.369,144.7471,3068
2016-02-29 12:58:20.585,144.724,2701
2016-02-29 12:58:26.624,144.7579,2060
2016-02-29 12:58:28.832,144.6542,915
2016-02-29 12:58:34.804,144.7772,109
2016-02-29 12:58:36.344,144.8084,1868
2016-02-29 12:58:39.326,144.6844,1843
2016-02-29 12:58:44.913,144.7206,4966
2016-02-29 12:58:46.076,144.8197,255
2016-02-29 12:58:50.624,144.8066,2445
2016-02-29 12:58:53.622,144.8856,1977
2016-02-29 12:58:58.923,144.7729,1079
2016-02-29 12:58:59.534,144.8286,780
2016-02-29 12:59:03.713,144.8801,401
2016-02-29 12:59:04.491,144.8973,2838
2016-02-29 12:59:05.568,144.8066,825
2016-02-29 12:59:07.391,144.6694,553
2016-02-29 12:59:17.091,144.5442,1845
2016-02-29 12:59:20.672,144.4692,2864
2016-02-29 12:59:22.468,144.3802,1722
2016-02-29 12:59:29.542,144.4279,459
2016-02-29 12:59:37.188,144.3005,4709
2016-02-29 12:59:41.704,144.2631,1702
2016-02-29 12:59:51.633,144.1407,588
2016-02-29 12:59:52.147,144.2156,1383
2016-02-29 12:59:53.224,144.3065,1362
2016-02-29 13:00:01.118,144.4316,1099
2016-02-29 13:00:03.805,144.5058,2264
2016-02-29 13:00:08.245,144.4371,1311
2016-02-29 13:00:12.756,144.452,3381
2016-02-29 13:00:16.656,144.5401,686
2016-02-29 13:00:20.107,144.4599,4596
2016-02-29 13:00:25.283,144.3547,1714
2016-02-29 13:00:33.255,144.4732,2517
2016-02-29 13:00:41.819,144.3733,2841
2016-02-29 13:00:48.392,144.4062,3969
2016-02-29 13:00:48.642,144.53,122
2016-02-29 13:00:57.763,144.5891,4104
2016-02-29 13:01:01.727,144.5713,1217
2016-02-29 13:01:11.649,144.6902,1422
2016-02-29 13:01:17.945,144.5815,1118
2016-02-29 13:01:21.251,144.5806,2251
2016-02-29 13:01:29.551,144.694,778
2016-02-29 13:01:38.982,144.556,1060
2016-02-29 13:01:47.544,144.6232,1994
2016-02-29 13:01:54.288,144.7058,314
2016-02-29 13:01:56.049,144.5974,4000
2016-02-29 13:01:59.083,144.6061,1217
2016-02-29 13:01:59.980,144.4862,828
2016-02-29 13:02:01.067,144.5053,1842
2016-02-29 13:02:01.204,144.365,2685
2016-02-29 13:02:06.970,144.2695,3813
2016-02-29 13:02:13.233,144.2162,1897
2016-02-29 13:02:16.229,144.239,4859
2016-02-29 13:02:20.849,144.1029,2539
2016-02-29 13:02:22.828,144.1494,2326
2016-02-29 13:02:32.474,144.2256,1253
2016-02-29 13:02:40.072,144.3682,3740
2016-02-29 13:02:48.996,144.3386,3674
2016-02-29 13:02:51.963,144.2149,2097
2016-02-29 13:02:56.434,144.1566,1625
2016-02-29 13:02:58.798,144.1297,2790
2016-02-29 13:03:04.617,144.1038,1172
2016-02-29 13:03:07.372,144.0736,1752
2016-02-29 13:03:09.429,143.9501,2631
2016-02-29 13:03:14.419,143.8786,273
2016-02-29 13:03:20.992,143.8732,163
2016-02-29 13:03:24.618,143.8669,919
2016-02-29 13:03:30.740,143.7573,4236
2016-02-29 13:03:39.286,143.8551,2914
2016-02-29 13:03:41.349,143.9166,2083
2016-02-29 13:03:48.833,143.8641,2694
2016-02-29 13:03:49.041,143.918,3553
2016-02-29 13:03:50.462,143.8993,2642
2016-02-29 13:03:59.539,143.8343,3323
2016-02-29 13:04:07.795,143.7284,1233
2016-02-29 13:04:10.473,143.7001,1983
2016-02-29 13:04:20.455,143.7913,3602
2016-02-29 13:04:25.645,143.8741,3190
2016-02-29 13:04:27.081,143.8015,3512
2016-02-29 13:04:33.244,143.77,4982
2016-02-29 13:04:42.041,143.8728,3209
2016-02-29 13:04:42.242,143.7678,979
2016-02-29 13:04:49.546,143.7061,3295
2016-02-29 13:04:49.704,143.6281,1011
2016-02-29 13:04:57.500,143.7637,273
2016-02-29 13:05:07.152,143.7866,3468
2016-02-29 13:05:10.053,143.7264,465
2016-02-29 13:05:17.894,143.8495,1842
2016-02-29 13:05:23.417,143.8404,4816
2016-02-29 13:05:26.759,143.8996,2186
2016-02-29 13:05:32.602,143.8318,4581
2016-02-29 13:05:37.775,143.7386,128
2016-02-29 13:05:42.177,143.8778,1100
2016-02-29 13:05:42.927,143.8952,2716
2016-02-29 13:05:43.837,143.8059,3086
2016-02-29 13:05:45.987,143.7535,3984
2016-02-29 13:05:50.974,143.8245,3601
2016-02-29 13:05:54.574,143.9676,2444
2016-02-29 13:05:57.406,143.9728,2579
2016-02-29 13:06:01.077,144.0772,2225
2016-02-29 13:06:05.817,143.9384,219
2016-02-29 13:06:13.706,143.9902,701
2016-02-29 13:06:18.486,143.9021,505
2016-02-29 13:06:19.567,143.8205,2037
2016-02-29 13:06:22.295,143.8938,729
2016-02-29 13:06:24.558,143.9929,938
2016-02-29 13:06:26.710,144.1182,4360
2016-02-29 13:06:28.720,144.2632,3576
2016-02-29 13:06:38.563,144.3388,3246
2016-02-29 13:06:40.260,144.4031,3578
2016-02-29 13:06:41.736,144.4849,4486
2016-02-29 13:06:45.265,144.5865,2120
2016-02-29 13:06:47.929,144.536,4872
2016-02-29 13:06:52.489,144.4071,2640
2016-02-29 13:06:59.039,144.4256,4613
2016-02-29 13:07:06.387,144.4661,4360
2016-02-29 13:07:09.759,144.5826,2640
2016-02-29 13:07:16.518,144.5908,2659
2016-02-29 13:07:17.206,144.6284,197
2016-02-29 13:07:17.321,144.6337,589
2016-02-29 13:07:21.541,144.6218,243
2016-02-29 13:07:24.991,144.6858,4378
2016-02-29 13:07:34.414,144.6491,604
2016-02-29 13:07:42.293,144.5595,3566
2016-02-29 13:07:45.435,144.5342,4238
2016-02-29 13:07:52.108,144.4732,3983
2016-02-29 13:08:01.303,144.5457,110
2016-02-29 13:08:07.781,144.6038,4325
