Time,Price,Volume
2016-02-29 09:30:00.977,136.9434,2694
2016-02-29 09:30:01.676,136.3312,949
2016-02-29 09:30:04.321,136.4354,4549
2016-02-29 09:30:13.601,137.4697,3777
2016-02-29 09:30:19.019,138.3301,3943
2016-02-29 09:30:27.766,137.7579,4635
2016-02-29 09:30:28.041,136.9854,942
2016-02-29 09:30:29.473,137.9798,3571
2016-02-29 09:30:37.091,139.0843,950
2016-02-29 09:30:39.740,137.7167,4557
2016-02-29 09:30:42.565,138.5709,2707
2016-02-29 09:30:46.721,137.6804,3266
2016-02-29 09:30:53.836,136.4174,3205
2016-02-29 09:31:00.734,135.6514,70
2016-02-29 09:31:04.438,135.6535,3308
2016-02-29 09:31:12.232,136.5344,3474
2016-02-29 09:31:18.065,135.5764,40
2016-02-29 09:31:23.494,136.9267,4613
2016-02-29 09:31:29.069,135.9747,3244
2016-02-29 09:31:29.979,136.9675,4800
2016-02-29 09:31:33.550,135.9232,611
2016-02-29 09:31:38.878,137.0245,1641
2016-02-29 09:31:39.523,138.0712,962
2016-02-29 09:31:49.421,139.1191,2224
2016-02-29 09:31:59.295,138.1342,2909
2016-02-29 09:32:08.937,138.1232,4244
2016-02-29 09:32:10.188,138.7407,4127
2016-02-29 09:32:13.523,138.8374,1031
2016-02-29 09:32:14.024,138.7966,486
2016-02-29 09:32:17.693,138.8036,871
2016-02-29 09:32:21.752,139.8456,196
2016-02-29 09:32:25.894,140.4207,1842
2016-02-29 09:32:28.754,140.8888,4633
2016-02-29 09:32:37.901,141.2517,4160
2016-02-29 09:32:45.490,142.2261,321
2016-02-29 09:32:49.184,141.4053,4649
2016-02-29 09:32:57.413,141.0132,65
2016-02-29 09:33:02.254,142.0484,878
2016-02-29 09:33:11.087,143.419,4636
2016-02-29 09:33:18.946,144.0882,3375
2016-02-29 09:33:24.691,144.1882,1042
2016-02-29 09:33:30.514,143.6664,1325
2016-02-29 09:33:36.330,143.4492,868
2016-02-29 09:33:37.075,143.1984,2837
2016-02-29 09:33:42.097,142.5949,179
2016-02-29 09:33:49.315,143.3971,313
2016-02-29 09:33:51.028,142.536,4268
2016-02-29 09:33:53.143,143.913,1824
2016-02-29 09:33:57.731,144.1759,4463
2016-02-29 09:34:04.416,143.3582,2221
2016-02-29 09:34:06.883,143.4252,4403
2016-02-29 09:34:14.004,143.0887,728
2016-02-29 09:34:19.354,143.167,1644
2016-02-29 09:34:25.489,142.8447,1857
2016-02-29 09:34:27.559,142.7933,3068
2016-02-29 09:34:31.676,142.8938,824
2016-02-29 09:34:35.914,141.9988,1550
2016-02-29 09:34:39.139,140.7933,2788
2016-02-29 09:34:47.394,140.452,2100
2016-02-29 09:34:49.433,140.375,4172
2016-02-29 09:34:52.185,139.9179,871
2016-02-29 09:34:58.205,139.6606,3188
2016-02-29 09:35:06.622,141.0411,947
2016-02-29 09:35:13.584,140.9894,4552
2016-02-29 09:35:19.392,140.3271,1322
2016-02-29 09:35:24.607,139.9683,3160
2016-02-29 09:35:33.243,138.6671,2913
2016-02-29 09:35:34.958,138.4227,2158
2016-02-29 09:35:37.051,137.7306,1501
2016-02-29 09:35:43.120,137.5317,990
2016-02-29 09:35:44.192,137.9587,4471
2016-02-29 09:35:49.835,136.6051,957
2016-02-29 09:35:59.801,136.4063,4182
2016-02-29 09:36:02.965,135.7678,3724
2016-02-29 09:36:11.075,134.4828,3940
2016-02-29 09:36:19.918,135.274,534
2016-02-29 09:36:25.241,135.4737,4178
2016-02-29 09:36:26.454,136.0975,4853
2016-02-29 09:36:30.488,137.3414,3800
2016-02-29 09:36:35.775,138.6512,3389
2016-02-29 09:36:36.804,138.1019,4761
2016-02-29 09:36:37.543,137.9661,463
2016-02-29 09:36:47.399,138.9431,1766
2016-02-29 09:36:56.424,139.1384,1969
2016-02-29 09:36:57.427,138.1494,2882
2016-02-29 09:37:01.724,137.1928,3399
2016-02-29 09:37:11.455,136.9709,542
2016-02-29 09:37:19.406,135.95,322
2016-02-29 09:37:26.688,135.2085,4402
2016-02-29 09:37:32.316,134.6091,3556
2016-02-29 09:37:33.151,133.6052,238
2016-02-29 09:37:34.389,134.6994,1593
2016-02-29 09:37:41.773,133.9196,1520
2016-02-29 09:37:45.493,133.7624,3555
2016-02-29 09:37:53.597,134.5853,4499
2016-02-29 09:38:02.180,135.677,757
2016-02-29 09:38:08.707,134.4338,3577
2016-02-29 09:38:11.761,135.038,4182
2016-02-29 09:38:14.637,134.4956,4421
2016-02-29 09:38:20.580,134.0611,2218
2016-02-29 09:38:24.641,134.7606,4643
2016-02-29 09:38:25.643,135.2368,1009
2016-02-29 09:38:26.970,135.275,2394
2016-02-29 09:38:30.439,134.3592,4651
2016-02-29 09:38:31.248,133.4982,4489
2016-02-29 09:38:39.865,134.5022,3056
2016-02-29 09:38:41.958,135.4305,2209
2016-02-29 09:38:47.931,136.072,1595
2016-02-29 09:38:54.338,136.1142,3722
2016-02-29 09:38:54.914,136.7075,3237
2016-02-29 09:39:03.398,135.3888,3496
2016-02-29 09:39:05.550,134.3298,3785
2016-02-29 09:39:05.812,133.6508,3332
2016-02-29 09:39:12.549,132.9666,3396
2016-02-29 09:39:15.472,133.7202,1457
2016-02-29 09:39:16.098,132.9483,1340
2016-02-29 09:39:16.280,134.1885,4733
2016-02-29 09:39:18.748,133.6666,729
2016-02-29 09:39:19.738,132.3338,546
2016-02-29 09:39:21.946,132.4879,540
2016-02-29 09:39:28.863,132.8805,4393
2016-02-29 09:39:37.836,133.3126,2562
2016-02-29 09:39:42.287,134.0053,789
2016-02-29 09:39:52.211,135.0124,3084
2016-02-29 09:39:52.536,134.1604,3789
2016-02-29 09:39:54.134,133.6902,674
2016-02-29 09:39:59.227,133.3082,277
2016-02-29 09:40:00.162,132.668,4664
2016-02-29 09:40:02.484,132.1047,1479
2016-02-29 09:40:03.296,132.9625,3311
2016-02-29 09:40:09.592,131.9381,366
2016-02-29 09:40:13.458,131.3915,2128
2016-02-29 09:40:22.043,131.037,478
2016-02-29 09:40:25.165,131.5462,2786
2016-02-29 09:40:27.380,132.7214,4723
2016-02-29 09:40:37.369,131.8238,4198
2016-02-29 09:40:45.424,130.8161,3733
2016-02-29 09:40:46.780,131.8642,1380
2016-02-29 09:40:50.363,131.5465,2890
2016-02-29 09:40:52.122,132.7783,2576
2016-02-29 09:40:56.262,133.9896,3897
2016-02-29 09:41:01.656,134.7303,2072
2016-02-29 09:41:07.953,134.8548,3109
2016-02-29 09:41:17.071,136.0906,3792
2016-02-29 09:41:21.092,135.3296,4810
2016-02-29 09:41:21.410,136.205,492
2016-02-29 09:41:26.808,136.4844,2290
2016-02-29 09:41:31.890,136.9766,4459
2016-02-29 09:41:37.084,138.062,4345
2016-02-29 09:41:43.882,136.9214,4271
2016-02-29 09:41:52.690,136.0338,81
2016-02-29 09:41:59.645,135.3006,473
2016-02-29 09:42:03.399,135.576,200
2016-02-29 09:42:08.455,135.2281,3574
2016-02-29 09:42:12.607,134.6056,2949
2016-02-29 09:42:16.233,135.6467,3314
2016-02-29 09:42:18.960,136.4694,3355
2016-02-29 09:42:19.132,136.3034,2174
2016-02-29 09:42:26.058,136.1218,3138
2016-02-29 09:42:34.234,137.3017,613
2016-02-29 09:42:34.461,137.2031,2274
2016-02-29 09:42:42.740,135.8418,1855
2016-02-29 09:42:51.547,136.9113,1350
2016-02-29 09:42:52.190,136.7871,2886
2016-02-29 09:42:54.639,137.7418,995
2016-02-29 09:42:57.004,137.5804,1122
2016-02-29 09:43:00.401,138.1583,4596
2016-02-29 09:43:08.459,138.449,892
2016-02-29 09:43:17.719,139.8153,2667
2016-02-29 09:43:21.249,140.5524,421
2016-02-29 09:43:23.548,140.8317,3130
2016-02-29 09:43:29.802,141.3289,1739
2016-02-29 09:43:32.249,140.8042,4477
2016-02-29 09:43:34.891,140.8329,4296
2016-02-29 09:43:37.611,139.9472,3185
2016-02-29 09:43:42.568,139.2077,3642
2016-02-29 09:43:47.268,138.7178,4694
2016-02-29 09:43:55.314,137.7957,4781
2016-02-29 09:44:04.136,138.0304,798
2016-02-29 09:44:13.696,139.1643,4519
2016-02-29 09:44:16.601,137.9974,3812
2016-02-29 09:44:23.166,138.1975,4828
2016-02-29 09:44:31.954,138.2077,3805
2016-02-29 09:44:37.669,139.0658,2078
2016-02-29 09:44:44.682,138.5367,4124
2016-02-29 09:44:44.889,137.7904,2536
2016-02-29 09:44:47.148,139.0827,2624
2016-02-29 09:44:56.717,139.1608,2565
2016-02-29 09:44:57.687,140.3359,4984
2016-02-29 09:45:00.703,141.5195,1335
2016-02-29 09:45:08.353,141.8173,4753
2016-02-29 09:45:17.410,141.9667,115
2016-02-29 09:45:27.302,141.3171,2347
2016-02-29 09:45:32.880,141.634,3033
2016-02-29 09:45:35.979,140.3455,4817
2016-02-29 09:45:41.152,140.4192,2297
2016-02-29 09:45:51.147,139.9732,1756
2016-02-29 09:45:55.524,139.9362,4056
2016-02-29 09:45:59.026,140.2353,387
2016-02-29 09:46:08.299,140.0846,4103
2016-02-29 09:46:16.978,140.1364,4726
2016-02-29 09:46:18.167,140.3007,3713
2016-02-29 09:46:19.362,141.6248,1260
2016-02-29 09:46:27.034,141.7409,1516
2016-02-29 09:46:30.641,143.0259,4894
2016-02-29 09:46:35.825,142.8297,187
2016-02-29 09:46:37.681,144.1842,436
2016-02-29 09:46:40.351,143.2862,1272
2016-02-29 09:46:41.939,143.8036,834
2016-02-29 09:46:51.218,143.8897,1174
2016-02-29 09:46:58.105,144.2763,4934
2016-02-29 09:47:03.330,144.9769,3159
2016-02-29 09:47:11.224,145.837,1096
2016-02-29 09:47:19.358,147.199,3089
2016-02-29 09:47:23.220,146.8537,1271
2016-02-29 09:47:23.357,145.4396,4135
2016-02-29 09:47:30.440,146.0238,1824
2016-02-29 09:47:38.331,146.4131,919
2016-02-29 09:47:46.947,145.8887,3644
2016-02-29 09:47:50.104,144.6015,2630
2016-02-29 09:47:53.313,145.0022,2465
2016-02-29 09:47:55.297,144.1285,1046
2016-02-29 09:47:56.132,143.2505,1764
2016-02-29 09:48:05.774,144.3756,2416
2016-02-29 09:48:14.687,142.9754,4044
2016-02-29 09:48:18.126,143.8573,628
2016-02-29 09:48:20.922,144.8785,4837
2016-02-29 09:48:30.645,144.3639,1747
2016-02-29 09:48:33.117,143.938,3879
2016-02-29 09:48:40.244,144.0316,2862
2016-02-29 09:48:49.730,144.9114,2032
2016-02-29 09:48:57.992,143.7536,1490
2016-02-29 09:49:06.834,143.0536,634
2016-02-29 09:49:15.498,142.0829,441
2016-02-29 09:49:16.832,142.4588,404
2016-02-29 09:49:26.621,143.8719,4914
2016-02-29 09:49:35.647,144.1004,1745
2016-02-29 09:49:43.613,144.9752,4125
2016-02-29 09:49:46.043,145.4641,3943
2016-02-29 09:49:55.844,145.7961,3171
2016-02-29 09:49:59.319,144.9304,4700
2016-02-29 09:50:09.197,145.8432,4710
2016-02-29 09:50:13.763,146.677,1765
2016-02-29 09:50:18.621,145.6941,3426
2016-02-29 09:50:25.126,145.3216,1326
2016-02-29 09:50:26.969,145.2004,4251
2016-02-29 09:50:36.071,145.5597,3643
2016-02-29 09:50:42.567,146.5295,2420
2016-02-29 09:50:51.207,147.5493,3187
2016-02-29 09:51:00.624,148.4334,1127
2016-02-29 09:51:08.801,149.6849,1847
2016-02-29 09:51:14.207,150.7715,1472
2016-02-29 09:51:22.833,149.4223,1432
2016-02-29 09:51:30.097,149.9492,635
2016-02-29 09:51:36.134,150.888,312
2016-02-29 09:51:44.276,152.2261,4195
2016-02-29 09:51:46.740,153.667,1930
2016-02-29 09:51:47.843,153.7998,4671
2016-02-29 09:51:53.921,155.1601,2392
2016-02-29 09:52:00.535,153.8539,1014
2016-02-29 09:52:00.565,152.7762,2832
2016-02-29 09:52:07.176,151.3358,2814
2016-02-29 09:52:10.858,151.0931,866
2016-02-29 09:52:20.736,151.0879,2456
2016-02-29 09:52:25.590,152.4833,4603
2016-02-29 09:52:30.127,151.8377,1199
2016-02-29 09:52:35.745,152.322,1191
2016-02-29 09:52:39.930,153.2563,4938
2016-02-29 09:52:46.752,152.964,2239
2016-02-29 09:52:56.350,153.4245,2390
2016-02-29 09:52:58.576,153.308,4503
2016-02-29 09:52:58.708,153.8491,1135
2016-02-29 09:53:02.081,153.6783,2365
2016-02-29 09:53:09.020,154.3063,3355
2016-02-29 09:53:11.799,154.9486,4408
2016-02-29 09:53:17.474,155.9864,2703
2016-02-29 09:53:26.829,154.8432,2032
2016-02-29 09:53:33.499,154.9702,2300
2016-02-29 09:53:41.722,154.1222,1159
2016-02-29 09:53:49.020,154.8181,4066
2016-02-29 09:53:51.527,154.1215,3013
2016-02-29 09:53:59.747,154.4298,452
2016-02-29 09:54:07.052,153.3734,1192
2016-02-29 09:54:12.400,152.5209,3898
2016-02-29 09:54:12.401,152.7407,2301
2016-02-29 09:54:13.836,152.8431,329
2016-02-29 09:54:14.391,152.5086,1351
2016-02-29 09:54:19.638,151.4028,2478
2016-02-29 09:54:24.985,151.0613,4290
2016-02-29 09:54:27.455,150.2328,1251
2016-02-29 09:54:28.630,151.6973,3795
2016-02-29 09:54:29.559,153.0192,3317
2016-02-29 09:54:38.942,152.8896,584
2016-02-29 09:54:48.251,153.3892,1163
2016-02-29 09:54:52.518,152.8756,1759
2016-02-29 09:55:00.926,152.9909,3197
2016-02-29 09:55:07.853,153.5547,2097
2016-02-29 09:55:16.554,153.316,4356
2016-02-29 09:55:24.337,154.3273,4135
2016-02-29 09:55:28.650,155.3555,3980
2016-02-29 09:55:32.771,154.3465,3797
2016-02-29 09:55:36.838,153.2594,1615
2016-02-29 09:55:38.364,151.7666,160
2016-02-29 09:55:43.662,150.9829,4513
2016-02-29 09:55:49.659,149.8037,4291
2016-02-29 09:55:52.837,150.2369,2517
2016-02-29 09:56:01.305,150.8328,4258
2016-02-29 09:56:04.883,150.8456,4737
2016-02-29 09:56:13.605,150.0155,330
2016-02-29 09:56:17.690,150.5863,4188
2016-02-29 09:56:24.035,149.8106,3154
2016-02-29 09:56:27.058,150.7866,3621
2016-02-29 09:56:31.147,149.828,1105
2016-02-29 09:56:31.770,150.5666,165
2016-02-29 09:56:37.633,150.9208,2681
2016-02-29 09:56:39.813,150.3471,213
2016-02-29 09:56:42.835,150.6263,940
2016-02-29 09:56:46.421,149.5575,841
2016-02-29 09:56:53.282,148.4966,3834
2016-02-29 09:56:56.403,148.7092,4881
2016-02-29 09:57:04.635,148.0502,3533
2016-02-29 09:57:07.770,149.2516,675
2016-02-29 09:57:17.694,150.2725,552
2016-02-29 09:57:24.898,148.9184,3745
2016-02-29 09:57:26.988,150.0597,2473
2016-02-29 09:57:31.459,150.2927,201
2016-02-29 09:57:38.430,150.1395,3137
2016-02-29 09:57:47.048,150.5656,2009
2016-02-29 09:57:48.761,151.9068,4394
2016-02-29 09:57:53.318,150.8424,333
2016-02-29 09:57:55.881,150.3947,4203
2016-02-29 09:58:01.517,149.3126,2521
2016-02-29 09:58:07.740,150.0328,4527
2016-02-29 09:58:09.137,150.7958,2193
2016-02-29 09:58:16.881,149.7947,177
2016-02-29 09:58:18.536,150.4424,2227
2016-02-29 09:58:19.515,149.2016,798
2016-02-29 09:58:28.767,149.5826,948
2016-02-29 09:58:32.756,150.2814,2263
2016-02-29 09:58:35.803,151.6193,398
2016-02-29 09:58:41.080,150.8556,131
2016-02-29 09:58:44.981,149.5107,4160
2016-02-29 09:58:47.069,150.6914,3895
2016-02-29 09:58:53.052,151.1484,1533
2016-02-29 09:59:01.452,151.4431,3497
2016-02-29 09:59:01.874,151.4222,4324
2016-02-29 09:59:11.053,151.5723,4662
2016-02-29 09:59:15.287,150.8868,3252
2016-02-29 09:59:18.273,152.319,2702
2016-02-29 09:59:19.116,151.3876,3592
2016-02-29 09:59:20.539,150.9962,767
2016-02-29 09:59:24.225,150.6108,1111
2016-02-29 09:59:29.734,150.37,240
2016-02-29 09:59:36.847,150.928,2522
2016-02-29 09:59:44.888,149.4238,4679
2016-02-29 09:59:54.554,149.6943,1210
2016-02-29 10:00:03.408,150.9485,267
2016-02-29 10:00:07.559,151.8809,4033
2016-02-29 10:00:08.855,150.6427,2706
2016-02-29 10:00:11.000,151.215,4111
2016-02-29 10:00:17.935,150.9287,4171
2016-02-29 10:00:27.284,151.2702,73
2016-02-29 10:00:29.063,150.9934,1673
2016-02-29 10:00:30.834,151.2049,1315
2016-02-29 10:00:34.483,149.782,1460
2016-02-29 10:00:42.241,150.7551,4517
2016-02-29 10:00:43.997,150.5156,934
2016-02-29 10:00:48.798,151.9575,3486
2016-02-29 10:00:51.966,152.6369,415
2016-02-29 10:00:53.444,153.9133,32
2016-02-29 10:00:58.758,154.5159,4207
2016-02-29 10:01:04.279,155.9408,3224
2016-02-29 10:01:13.400,154.4341,1737
2016-02-29 10:01:14.433,154.2204,255
2016-02-29 10:01:20.042,154.8,2680
2016-02-29 10:01:27.107,155.1463,1624
2016-02-29 10:01:28.979,155.1763,4708
2016-02-29 10:01:37.370,154.9784,4964
2016-02-29 10:01:45.413,155.0793,4064
2016-02-29 10:01:51.331,155.8871,2845
2016-02-29 10:01:52.693,155.1896,265
2016-02-29 10:01:54.635,153.7207,4353
2016-02-29 10:02:04.632,153.0225,1128
2016-02-29 10:02:10.632,153.0421,956
2016-02-29 10:02:11.738,153.8497,3346
2016-02-29 10:02:19.266,152.9055,4948
2016-02-29 10:02:23.472,151.5658,4676
2016-02-29 10:02:24.747,151.82,412
2016-02-29 10:02:27.341,151.9825,1577
2016-02-29 10:02:36.069,151.1539,1495
2016-02-29 10:02:43.053,152.1305,1974
2016-02-29 10:02:45.615,151.6566,460
2016-02-29 10:02:52.605,152.7399,3090
2016-02-29 10:03:01.053,151.8727,2304
2016-02-29 10:03:04.468,150.5228,4469
2016-02-29 10:03:05.369,151.3137,2277
2016-02-29 10:03:08.803,150.4952,165
2016-02-29 10:03:14.443,151.9591,3607
2016-02-29 10:03:19.554,153.1907,2719
2016-02-29 10:03:25.431,151.8235,3731
2016-02-29 10:03:29.069,151.6943,902
2016-02-29 10:03:34.793,150.4976,267
2016-02-29 10:03:36.416,151.8224,1841
2016-02-29 10:03:37.415,152.8976,229
2016-02-29 10:03:47.327,151.8443,4010
2016-02-29 10:03:56.069,153.3099,4841
2016-02-29 10:03:57.719,154.5576,1604
2016-02-29 10:03:58.285,154.5171,951
2016-02-29 10:03:59.079,153.1774,132
2016-02-29 10:04:05.855,152.3958,173
2016-02-29 10:04:09.325,153.5242,4814
2016-02-29 10:04:11.988,153.2074,3224
2016-02-29 10:04:18.912,154.5286,3602
2016-02-29 10:04:25.086,153.7651,2335
2016-02-29 10:04:25.976,152.7629,132
2016-02-29 10:04:30.972,152.702,4477
2016-02-29 10:04:37.969,153.7036,1984
2016-02-29 10:04:44.971,154.0081,1160
2016-02-29 10:04:51.705,152.7117,1548
2016-02-29 10:04:59.343,152.8439,10
2016-02-29 10:05:05.750,151.9692,1736
2016-02-29 10:05:08.910,150.797,3901
2016-02-29 10:05:16.893,151.7539,2343
2016-02-29 10:05:25.164,153.0349,2760
2016-02-29 10:05:26.509,152.4783,1655
2016-02-29 10:05:27.944,151.2647,1832
2016-02-29 10:05:30.450,152.1983,2106
2016-02-29 10:05:33.687,152.4219,2004
2016-02-29 10:05:34.470,152.7977,3762
2016-02-29 10:05:38.662,152.9492,446
2016-02-29 10:05:47.951,151.8937,2530
2016-02-29 10:05:54.720,153.0073,4849
2016-02-29 10:05:58.885,151.6044,4878
2016-02-29 10:06:08.214,150.217,1123
2016-02-29 10:06:10.052,150.4463,683
2016-02-29 10:06:16.948,150.8963,3450
2016-02-29 10:06:19.114,151.4166,4937
2016-02-29 10:06:19.427,150.1019,3568
2016-02-29 10:06:20.247,151.1726,62
2016-02-29 10:06:25.072,150.7396,1592
2016-02-29 10:06:35.057,150.0821,1918
2016-02-29 10:06:42.768,148.8551,2597
2016-02-29 10:06:49.096,149.2367,192
2016-02-29 10:06:51.048,148.2718,1120
2016-02-29 10:06:56.341,149.3775,1289
2016-02-29 10:07:04.368,150.4319,2708
2016-02-29 10:07:07.148,150.0529,2477
2016-02-29 10:07:07.195,150.2665,159
2016-02-29 10:07:12.224,150.4459,1739
2016-02-29 10:07:20.571,151.6827,110
2016-02-29 10:07:22.472,152.8034,4321
2016-02-29 10:07:23.588,153.7281,4414
2016-02-29 10:07:28.695,154.9782,387
2016-02-29 10:07:29.300,156.5133,2493
2016-02-29 10:07:29.378,156.6374,4661
2016-02-29 10:07:34.820,156.1285,4526
2016-02-29 10:07:35.676,154.5693,4494
2016-02-29 10:07:43.063,154.7035,4761
2016-02-29 10:07:45.818,153.2228,1957
2016-02-29 10:07:52.710,152.7351,1579
2016-02-29 10:07:56.741,152.2494,2260
2016-02-29 10:07:59.851,153.4407,1277
2016-02-29 10:08:09.828,152.3443,1167
2016-02-29 10:08:12.087,151.5136,676
2016-02-29 10:08:13.878,152.5689,3875
2016-02-29 10:08:19.254,153.0314,3182
2016-02-29 10:08:28.856,152.4436,4483
2016-02-29 10:08:36.249,152.7979,1659
2016-02-29 10:08:38.938,152.6146,2116
2016-02-29 10:08:43.318,151.1638,489
2016-02-29 10:08:48.647,150.2351,1659
2016-02-29 10:08:50.906,149.4943,1068
2016-02-29 10:08:53.607,150.9761,461
2016-02-29 10:08:53.975,150.8513,294
2016-02-29 10:08:58.277,151.3093,351
2016-02-29 10:09:04.761,150.9414,1950
2016-02-29 10:09:04.949,149.4453,2483
2016-02-29 10:09:12.193,148.5769,996
2016-02-29 10:09:20.123,148.5235,3663
2016-02-29 10:09:21.846,148.814,2692
2016-02-29 10:09:28.462,149.2438,4353
2016-02-29 10:09:31.196,149.3973,4348
2016-02-29 10:09:39.932,148.3438,419
2016-02-29 10:09:40.485,148.94,2870
2016-02-29 10:09:47.046,148.6846,1474
2016-02-29 10:09:56.703,150.0997,481
2016-02-29 10:10:04.924,151.296,4069
2016-02-29 10:10:05.445,152.0271,3898
2016-02-29 10:10:06.004,150.8925,2662
2016-02-29 10:10:07.970,150.5244,4644
2016-02-29 10:10:17.552,149.7728,3221
2016-02-29 10:10:24.661,149.7286,627
2016-02-29 10:10:28.815,148.2939,864
2016-02-29 10:10:32.958,147.6365,2948
2016-02-29 10:10:37.931,146.6192,99
2016-02-29 10:10:40.155,145.9979,2258
2016-02-29 10:10:49.610,145.8946,2754
2016-02-29 10:10:58.181,145.0936,3236
2016-02-29 10:11:05.903,146.3348,1622
2016-02-29 10:11:09.337,146.8748,1895
2016-02-29 10:11:11.112,147.9264,903
2016-02-29 10:11:14.375,149.2746,3680
2016-02-29 10:11:14.635,148.0494,1338
2016-02-29 10:11:19.150,149.4009,1866
2016-02-29 10:11:21.939,148.3047,2202
2016-02-29 10:11:29.531,149.4584,1472
2016-02-29 10:11:35.627,150.0647,3490
2016-02-29 10:11:36.722,149.6216,3706
2016-02-29 10:11:38.450,151.0685,1491
2016-02-29 10:11:41.613,150.547,1041
2016-02-29 10:11:50.794,151.3525,4204
2016-02-29 10:12:00.034,149.9898,2085
2016-02-29 10:12:00.135,148.9287,1594
2016-02-29 10:12:07.876,149.3911,4743
2016-02-29 10:12:11.659,148.1949,688
2016-02-29 10:12:12.195,148.1188,4562
2016-02-29 10:12:14.178,147.2624,3533
2016-02-29 10:12:19.497,148.1714,3320
2016-02-29 10:12:25.913,148.617,776
2016-02-29 10:12:27.399,148.1593,3078
2016-02-29 10:12:31.930,146.8073,998
2016-02-29 10:12:40.569,146.447,1588
2016-02-29 10:12:46.879,146.2635,3964
2016-02-29 10:12:54.717,147.5678,2891
2016-02-29 10:12:56.734,148.2717,4453
2016-02-29 10:13:05.745,147.2839,2219
2016-02-29 10:13:15.529,146.8798,698
2016-02-29 10:13:24.910,146.2777,2973
2016-02-29 10:13:34.795,147.6685,1163
2016-02-29 10:13:35.447,146.7209,1030
2016-02-29 10:13:37.918,145.5705,3817
2016-02-29 10:13:45.046,146.39,306
2016-02-29 10:13:45.053,147.1558,3309
2016-02-29 10:13:48.930,145.7122,4362
2016-02-29 10:13:49.126,146.3943,3801
2016-02-29 10:13:56.270,146.9618,3491
2016-02-29 10:13:59.088,147.0027,1839
2016-02-29 10:14:05.207,147.6053,1064
2016-02-29 10:14:10.223,147.8592,2766
2016-02-29 10:14:13.395,148.5593,3593
2016-02-29 10:14:13.916,147.4139,2487
2016-02-29 10:14:18.667,148.0574,1205
2016-02-29 10:14:25.308,147.4431,1234
2016-02-29 10:14:33.593,148.6362,1944
2016-02-29 10:14:36.310,147.6509,1770
2016-02-29 10:14:44.939,146.5091,4065
2016-02-29 10:14:49.609,146.8985,2985
2016-02-29 10:14:54.317,148.119,3485
2016-02-29 10:14:55.457,148.3418,3742
2016-02-29 10:14:56.060,147.5452,4092
2016-02-29 10:15:05.971,147.3506,1007
2016-02-29 10:15:09.768,148.3756,2143
2016-02-29 10:15:12.193,149.4527,3126
2016-02-29 10:15:18.356,150.3349,913
2016-02-29 10:15:21.466,149.3328,3593
2016-02-29 10:15:25.895,149.81,1451
2016-02-29 10:15:32.143,148.8013,1017
2016-02-29 10:15:36.701,149.3517,2601
2016-02-29 10:15:38.282,150.3885,3746
2016-02-29 10:15:40.014,149.1083,3774
2016-02-29 10:15:43.844,148.7562,4231
2016-02-29 10:15:48.399,150.085,4292
2016-02-29 10:15:52.318,150.0315,3878
2016-02-29 10:15:59.956,149.9425,183
2016-02-29 10:16:01.392,148.4712,2660
2016-02-29 10:16:04.122,147.8264,3100
2016-02-29 10:16:11.588,146.8031,2057
2016-02-29 10:16:13.677,147.0912,896
2016-02-29 10:16:22.494,145.8643,2379
2016-02-29 10:16:23.638,146.8336,3769
2016-02-29 10:16:30.409,147.6839,3306
2016-02-29 10:16:34.814,147.1884,4081
2016-02-29 10:16:44.478,147.6687,3775
2016-02-29 10:16:46.784,148.0002,1335
2016-02-29 10:16:47.895,146.9811,1926
2016-02-29 10:16:50.958,146.1986,1709
2016-02-29 10:16:51.824,144.786,4563
2016-02-29 10:16:56.839,145.9599,3712
2016-02-29 10:16:57.162,144.7532,505
2016-02-29 10:17:03.107,145.003,804
2016-02-29 10:17:08.006,144.6928,2623
2016-02-29 10:17:17.604,145.1289,1634
2016-02-29 10:17:21.844,144.1364,4121
2016-02-29 10:17:24.904,143.4821,703
2016-02-29 10:17:30.166,144.4016,799
2016-02-29 10:17:34.233,145.3673,4544
2016-02-29 10:17:39.771,146.7559,2426
2016-02-29 10:17:40.928,146.2045,4513
2016-02-29 10:17:50.110,146.3695,140
2016-02-29 10:17:52.074,144.9368,691
2016-02-29 10:17:55.473,144.0167,1084
2016-02-29 10:17:56.089,145.1044,1192
2016-02-29 10:18:00.172,144.3141,1290
2016-02-29 10:18:00.422,145.4791,1991
2016-02-29 10:18:07.822,146.5947,4883
2016-02-29 10:18:15.066,146.5816,90
2016-02-29 10:18:20.677,145.7712,4725
2016-02-29 10:18:25.167,145.691,4168
2016-02-29 10:18:27.574,146.0239,2790
2016-02-29 10:18:33.166,144.9799,1346
2016-02-29 10:18:34.498,146.1386,238
2016-02-29 10:18:41.458,146.2221,1748
2016-02-29 10:18:44.729,145.0123,2326
2016-02-29 10:18:46.303,145.2788,119
2016-02-29 10:18:52.388,145.9531,1385
2016-02-29 10:19:02.017,145.9049,3988
2016-02-29 10:19:06.026,144.9195,4901
2016-02-29 10:19:08.872,146.3397,1550
2016-02-29 10:19:12.020,146.5842,3189
2016-02-29 10:19:12.551,146.9138,392
2016-02-29 10:19:19.087,148.0796,1498
2016-02-29 10:19:22.941,149.1217,1576
2016-02-29 10:19:25.953,148.8755,4121
2016-02-29 10:19:33.689,147.4307,4730
2016-02-29 10:19:39.942,148.1609,474
2016-02-29 10:19:46.010,146.7391,4349
2016-02-29 10:19:46.601,146.6614,731
2016-02-29 10:19:53.472,146.7597,179
2016-02-29 10:20:01.159,145.6519,3186
2016-02-29 10:20:07.488,146.8727,4860
2016-02-29 10:20:07.953,145.6766,356
2016-02-29 10:20:11.947,144.9994,4063
2016-02-29 10:20:17.955,144.2154,4118
2016-02-29 10:20:18.919,145.145,1583
2016-02-29 10:20:26.941,143.7048,1488
2016-02-29 10:20:32.551,143.8761,1584
2016-02-29 10:20:33.318,145.0301,66
2016-02-29 10:20:38.724,144.1612,2841
2016-02-29 10:20:39.063,143.2742,1835
2016-02-29 10:20:44.411,142.5813,430
2016-02-29 10:20:44.893,143.8733,339
2016-02-29 10:20:49.402,144.7943,2262
2016-02-29 10:20:54.475,145.1753,2714
2016-02-29 10:20:59.336,143.9421,835
2016-02-29 10:21:06.391,142.875,2576
2016-02-29 10:21:07.988,141.6064,155
2016-02-29 10:21:08.015,140.236,1920
2016-02-29 10:21:09.433,139.665,4447
2016-02-29 10:21:17.417,140.8946,3554
2016-02-29 10:21:21.185,139.5019,2545
2016-02-29 10:21:31.181,140.2557,2627
2016-02-29 10:21:31.483,139.5368,3878
2016-02-29 10:21:39.195,138.2024,444
2016-02-29 10:21:40.745,138.9113,2448
2016-02-29 10:21:45.149,138.7488,3342
2016-02-29 10:21:50.747,138.8882,4114
2016-02-29 10:21:59.292,139.1884,483
2016-02-29 10:22:03.197,138.7737,910
2016-02-29 10:22:11.245,139.2575,536
2016-02-29 10:22:19.079,140.1044,900
2016-02-29 10:22:27.645,139.2857,1536
2016-02-29 10:22:33.454,138.0437,4571
2016-02-29 10:22:41.560,138.8539,1352
2016-02-29 10:22:47.269,137.7135,703
2016-02-29 10:22:51.511,137.0944,399
2016-02-29 10:22:56.208,135.8655,1989
2016-02-29 10:23:02.838,136.2278,379
2016-02-29 10:23:08.432,137.0375,2727
2016-02-29 10:23:10.466,137.9683,3147
2016-02-29 10:23:16.145,138.797,2895
2016-02-29 10:23:23.671,139.2259,1924
2016-02-29 10:23:27.835,138.7858,436
2016-02-29 10:23:37.759,139.9441,2815
2016-02-29 10:23:43.804,139.0914,4640
2016-02-29 10:23:48.710,140.1165,1944
2016-02-29 10:23:53.924,140.7045,2884
2016-02-29 10:23:57.399,141.003,4959
2016-02-29 10:23:58.822,141.2673,1127
2016-02-29 10:24:02.216,140.3755,1395
2016-02-29 10:24:08.593,140.0232,4778
2016-02-29 10:24:12.924,140.331,2066
2016-02-29 10:24:20.012,141.0523,2610
2016-02-29 10:24:25.852,141.1643,3321
2016-02-29 10:24:33.286,140.4182,3351
2016-02-29 10:24:37.959,140.0059,3382
2016-02-29 10:24:42.260,140.3503,3765
2016-02-29 10:24:46.095,140.4919,1168
2016-02-29 10:24:47.839,141.8185,1623
2016-02-29 10:24:51.250,141.5062,1898
2016-02-29 10:24:54.394,142.6001,2123
2016-02-29 10:25:02.752,142.9505,4354
2016-02-29 10:25:04.822,142.3988,416
2016-02-29 10:25:12.357,142.9361,427
2016-02-29 10:25:15.719,142.8008,2646
2016-02-29 10:25:22.079,141.832,1118
2016-02-29 10:25:29.171,142.4139,3633
2016-02-29 10:25:36.980,143.3891,74
2016-02-29 10:25:37.068,143.1448,4759
2016-02-29 10:25:43.962,143.5508,2652
2016-02-29 10:25:51.040,143.2117,1025
2016-02-29 10:25:52.713,142.439,4405
2016-02-29 10:25:57.107,141.4598,3373
2016-02-29 10:26:06.941,142.5196,4538
2016-02-29 10:26:10.702,141.6478,3894
2016-02-29 10:26:12.542,142.4154,4665
2016-02-29 10:26:16.316,141.8997,3975
2016-02-29 10:26:19.810,142.1005,4288
2016-02-29 10:26:28.999,141.5863,10
2016-02-29 10:26:33.160,142.4517,1350
2016-02-29 10:26:35.040,142.7218,3575
2016-02-29 10:26:42.994,141.3388,2829
2016-02-29 10:26:46.729,141.7234,998
2016-02-29 10:26:55.031,140.8876,4110
2016-02-29 10:26:58.757,140.5374,1085
2016-02-29 10:27:00.694,140.202,2662
2016-02-29 10:27:05.230,139.6778,3823
2016-02-29 10:27:10.760,140.9664,203
2016-02-29 10:27:17.657,140.525,1840
2016-02-29 10:27:22.698,140.7262,2143
2016-02-29 10:27:22.941,141.7228,4673
2016-02-29 10:27:23.903,142.5023,4715
2016-02-29 10:27:32.057,143.1615,1088
2016-02-29 10:27:40.373,142.901,2734
2016-02-29 10:27:45.520,144.0595,309
2016-02-29 10:27:54.333,143.4171,4973
2016-02-29 10:27:56.400,143.7653,1936
2016-02-29 10:27:59.863,145.0493,2750
2016-02-29 10:28:03.317,144.4166,2586
2016-02-29 10:28:04.591,144.0531,656
2016-02-29 10:28:09.253,143.5848,2952
2016-02-29 10:28:09.713,144.7542,2310
2016-02-29 10:28:11.468,143.9135,915
2016-02-29 10:28:14.777,144.7105,1109
2016-02-29 10:28:21.343,145.6157,4785
2016-02-29 10:28:28.542,144.4857,1370
2016-02-29 10:28:36.269,144.2724,1421
2016-02-29 10:28:42.132,144.0214,4157
2016-02-29 10:28:50.839,145.3003,3403
2016-02-29 10:28:54.561,143.933,851
2016-02-29 10:29:03.218,144.6491,3799
2016-02-29 10:29:08.538,144.8201,2956
2016-02-29 10:29:11.911,143.875,2431
2016-02-29 10:29:14.966,142.6112,1102
2016-02-29 10:29:20.752,144.0233,2606
2016-02-29 10:29:28.153,144.9923,2102
2016-02-29 10:29:32.372,144.6443,1330
2016-02-29 10:29:35.754,145.7922,3090
2016-02-29 10:29:38.132,145.5179,1959
2016-02-29 10:29:38.475,145.0279,779
2016-02-29 10:29:45.055,145.187,2111
2016-02-29 10:29:52.968,146.403,4946
2016-02-29 10:29:57.771,147.0416,4924
2016-02-29 10:30:03.039,148.14,3190
2016-02-29 10:30:07.542,149.5272,1324
2016-02-29 10:30:11.206,148.6763,423
2016-02-29 10:30:19.204,148.4958,3615
2016-02-29 10:30:21.174,149.4643,4336
2016-02-29 10:30:26.738,148.9654,128
2016-02-29 10:30:31.635,148.2773,1619
2016-02-29 10:30:40.057,148.6108,4007
2016-02-29 10:30:41.734,150.0684,3716
2016-02-29 10:30:49.506,149.9625,4082
2016-02-29 10:30:56.681,151.2944,4704
2016-02-29 10:30:59.045,151.1625,762
2016-02-29 10:31:08.611,151.5205,2313
2016-02-29 10:31:13.469,150.2664,4741
2016-02-29 10:31:19.152,150.7731,831
2016-02-29 10:31:21.671,150.3214,4079
2016-02-29 10:31:22.464,150.2468,4570
2016-02-29 10:31:26.174,149.8325,3181
2016-02-29 10:31:28.201,149.9124,4539
2016-02-29 10:31:28.881,149.1441,4112
2016-02-29 10:31:38.493,149.275,4933
2016-02-29 10:31:42.338,148.624,1898
2016-02-29 10:31:47.844,148.8881,767
2016-02-29 10:31:51.332,150.3371,1121
2016-02-29 10:31:58.334,151.6009,1779
2016-02-29 10:32:06.166,152.9503,211
2016-02-29 10:32:10.581,154.1495,3859
2016-02-29 10:32:17.763,153.9483,485
2016-02-29 10:32:20.874,152.5441,4537
2016-02-29 10:32:22.064,152.4493,1377
2016-02-29 10:32:28.162,152.6696,1259
2016-02-29 10:32:29.578,151.8258,81
2016-02-29 10:32:37.431,152.7662,4141
2016-02-29 10:32:46.534,152.521,2021
2016-02-29 10:32:52.862,153.3426,1293
2016-02-29 10:32:58.328,153.2459,4867
2016-02-29 10:33:01.945,152.099,2803
2016-02-29 10:33:02.452,152.9541,3621
2016-02-29 10:33:05.449,152.7242,2809
2016-02-29 10:33:12.904,152.8213,1670
2016-02-29 10:33:15.895,151.5143,4967
2016-02-29 10:33:21.156,150.3483,1758
2016-02-29 10:33:25.674,151.0815,359
2016-02-29 10:33:32.820,151.3482,2228
2016-02-29 10:33:33.232,152.0598,258
2016-02-29 10:33:37.539,150.6346,2937
2016-02-29 10:33:41.249,149.4796,4789
2016-02-29 10:33:45.093,150.1342,2398
2016-02-29 10:33:45.455,150.8615,3186
2016-02-29 10:33:50.628,149.9032,2752
2016-02-29 10:33:54.619,149.2906,2767
2016-02-29 10:34:02.088,149.0012,2957
2016-02-29 10:34:08.052,148.92,1372
2016-02-29 10:34:09.476,147.8065,2052
2016-02-29 10:34:14.999,148.0844,3903
2016-02-29 10:34:24.222,147.6378,284
2016-02-29 10:34:32.787,148.8423,4075
2016-02-29 10:34:37.297,148.4134,680
2016-02-29 10:34:38.709,147.5109,3395
2016-02-29 10:34:44.918,148.9472,3972
2016-02-29 10:34:47.685,148.192,1985
2016-02-29 10:34:57.179,149.5084,4074
2016-02-29 10:35:00.116,149.7296,4624
2016-02-29 10:35:04.595,148.6221,305
2016-02-29 10:35:06.876,149.8037,4510
2016-02-29 10:35:07.128,148.8981,1493
2016-02-29 10:35:15.094,149.0259,1826
2016-02-29 10:35:24.877,150.1776,2807
2016-02-29 10:35:34.100,151.6136,1111
2016-02-29 10:35:34.400,151.2309,2063
2016-02-29 10:35:38.491,150.894,2452
2016-02-29 10:35:38.780,150.1537,4986
2016-02-29 10:35:44.244,150.4679,245
2016-02-29 10:35:46.557,149.6301,3586
2016-02-29 10:35:56.391,150.7736,3606
2016-02-29 10:36:02.548,149.7596,1726
2016-02-29 10:36:06.403,150.6319,1688
2016-02-29 10:36:13.807,150.6021,4792
2016-02-29 10:36:14.390,151.1006,1701
2016-02-29 10:36:23.753,151.4826,2567
2016-02-29 10:36:32.266,152.4923,3373
2016-02-29 10:36:34.114,153.4023,3944
2016-02-29 10:36:38.883,153.7635,3441
2016-02-29 10:36:48.757,153.1732,1915
2016-02-29 10:36:53.697,154.1832,4369
2016-02-29 10:37:02.992,152.7023,902
2016-02-29 10:37:11.924,152.261,3599
2016-02-29 10:37:15.225,152.5397,2722
2016-02-29 10:37:24.809,153.4055,1702
2016-02-29 10:37:34.433,153.5383,3267
2016-02-29 10:37:38.550,154.8196,1065
2016-02-29 10:37:42.630,154.9188,4007
2016-02-29 10:37:45.045,156.2127,745
2016-02-29 10:37:46.489,154.7549,884
2016-02-29 10:37:47.804,155.0634,364
2016-02-29 10:37:48.435,154.1733,1769
2016-02-29 10:37:56.270,153.3862,4704
2016-02-29 10:37:56.510,153.7505,4883
2016-02-29 10:38:02.164,153.8182,1483
2016-02-29 10:38:11.959,154.2519,1665
2016-02-29 10:38:13.415,153.5448,3597
2016-02-29 10:38:18.239,153.2011,4265
2016-02-29 10:38:19.018,151.9598,1874
2016-02-29 10:38:19.317,153.2349,1697
2016-02-29 10:38:19.532,152.3375,1750
2016-02-29 10:38:21.167,150.9916,1119
2016-02-29 10:38:24.740,149.5165,4185
2016-02-29 10:38:30.375,149.2148,2217
2016-02-29 10:38:37.563,149.3052,736
2016-02-29 10:38:42.006,148.5613,2231
2016-02-29 10:38:45.659,147.8651,1142
2016-02-29 10:38:51.242,149.17,374
2016-02-29 10:39:00.892,147.7746,2311
2016-02-29 10:39:02.754,146.7305,3663
2016-02-29 10:39:03.280,145.6488,2865
2016-02-29 10:39:08.289,145.3281,1778
2016-02-29 10:39:08.624,146.3861,4640
2016-02-29 10:39:14.781,147.5203,103
2016-02-29 10:39:14.946,147.3716,154
2016-02-29 10:39:23.794,146.9754,3573
2016-02-29 10:39:32.551,146.2539,540
2016-02-29 10:39:42.340,146.5533,1990
2016-02-29 10:39:47.550,145.6276,544
2016-02-29 10:39:56.235,146.1646,3759
2016-02-29 10:40:04.043,146.1185,4639
2016-02-29 10:40:07.858,145.6084,987
2016-02-29 10:40:13.515,145.5393,3260
2016-02-29 10:40:21.764,145.4424,3391
2016-02-29 10:40:31.654,144.7132,3469
2016-02-29 10:40:34.853,144.4862,1458
2016-02-29 10:40:38.353,144.3452,380
2016-02-29 10:40:43.934,145.6635,3800
2016-02-29 10:40:44.160,147.0479,1493
2016-02-29 10:40:44.466,145.7877,3918
2016-02-29 10:40:48.915,145.3142,2292
2016-02-29 10:40:50.012,146.0883,4125
2016-02-29 10:40:55.056,146.2568,1700
2016-02-29 10:40:59.952,146.8891,2868
2016-02-29 10:41:09.126,147.9122,2999
2016-02-29 10:41:16.284,147.4116,2139
2016-02-29 10:41:21.469,148.8741,441
2016-02-29 10:41:24.874,150.0762,2078
2016-02-29 10:41:25.772,151.1431,1151
2016-02-29 10:41:26.174,152.4849,3797
2016-02-29 10:41:34.541,151.9161,743
2016-02-29 10:41:34.694,152.2711,4920
2016-02-29 10:41:44.573,152.3241,2607
2016-02-29 10:41:45.354,150.9221,1076
2016-02-29 10:41:49.768,150.0205,1779
2016-02-29 10:41:50.963,150.2503,2649
2016-02-29 10:41:53.122,151.4893,2021
2016-02-29 10:42:00.748,150.6455,4253
2016-02-29 10:42:06.588,150.5034,213
2016-02-29 10:42:14.963,150.0202,2168
2016-02-29 10:42:23.087,149.1417,446
2016-02-29 10:42:32.209,149.2464,445
2016-02-29 10:42:38.306,147.8201,2764
2016-02-29 10:42:48.306,146.4748,1397
2016-02-29 10:42:52.488,147.7921,2359
2016-02-29 10:43:01.449,148.6504,4621
2016-02-29 10:43:02.169,150.1143,758
2016-02-29 10:43:07.905,149.2266,1040
2016-02-29 10:43:14.841,149.2309,2334
2016-02-29 10:43:20.670,148.7935,4554
2016-02-29 10:43:23.866,147.6318,4373
2016-02-29 10:43:33.228,148.9253,1202
2016-02-29 10:43:40.899,149.6081,4297
2016-02-29 10:43:43.409,149.5944,2179
2016-02-29 10:43:47.231,149.8733,1017
2016-02-29 10:43:54.755,151.13,2505
2016-02-29 10:44:00.776,151.9589,2913
2016-02-29 10:44:03.627,151.1142,460
2016-02-29 10:44:10.852,151.7663,786
2016-02-29 10:44:19.779,153.0026,2821
2016-02-29 10:44:21.999,154.22,4804
2016-02-29 10:44:28.957,153.0644,1344
2016-02-29 10:44:35.341,151.6033,1454
2016-02-29 10:44:35.709,152.6218,1621
2016-02-29 10:44:42.551,151.575,2489
2016-02-29 10:44:47.270,150.9546,1671
2016-02-29 10:44:53.187,151.055,817
2016-02-29 10:45:02.848,151.5746,3434
2016-02-29 10:45:08.061,150.2202,2204
2016-02-29 10:45:12.934,151.0652,3513
2016-02-29 10:45:15.930,151.4101,299
2016-02-29 10:45:23.732,150.2815,1107
2016-02-29 10:45:27.896,151.2339,3485
2016-02-29 10:45:30.545,152.4113,1211
2016-02-29 10:45:38.836,153.8383,3518
2016-02-29 10:45:47.452,154.3223,4471
2016-02-29 10:45:47.545,153.4313,4055
2016-02-29 10:45:55.473,153.1726,1726
2016-02-29 10:46:05.110,153.048,4654
2016-02-29 10:46:11.483,152.9305,2447
2016-02-29 10:46:19.526,151.9638,2912
2016-02-29 10:46:28.065,153.3302,3033
2016-02-29 10:46:34.353,154.4585,3396
2016-02-29 10:46:41.204,153.0994,4177
2016-02-29 10:46:42.735,154.0918,913
2016-02-29 10:46:46.418,153.6073,1702
2016-02-29 10:46:51.609,153.015,3314
2016-02-29 10:46:54.763,153.8712,4444
2016-02-29 10:47:00.854,153.5539,1743
2016-02-29 10:47:03.341,154.4151,4526
2016-02-29 10:47:12.653,155.8287,2274
2016-02-29 10:47:15.075,154.8153,4982
2016-02-29 10:47:24.010,154.4776,4340
2016-02-29 10:47:29.296,153.5533,4434
2016-02-29 10:47:38.817,153.4326,4639
2016-02-29 10:47:45.406,152.0108,2006
2016-02-29 10:47:52.423,152.849,1556
2016-02-29 10:47:54.791,152.7541,4094
2016-02-29 10:47:55.495,153.613,1496
2016-02-29 10:47:55.509,152.723,2976
2016-02-29 10:47:56.008,152.61,2312
2016-02-29 10:47:56.119,152.3766,4972
2016-02-29 10:47:58.035,152.1316,1860
2016-02-29 10:47:59.643,151.9161,815
2016-02-29 10:48:09.157,150.7958,3948
2016-02-29 10:48:17.781,151.9585,4958
2016-02-29 10:48:21.300,152.3297,4237
2016-02-29 10:48:24.390,153.545,3710
2016-02-29 10:48:32.343,154.5681,4523
2016-02-29 10:48:34.692,155.8747,1072
2016-02-29 10:48:35.739,154.6246,388
2016-02-29 10:48:41.535,155.2522,1446
2016-02-29 10:48:49.321,155.0071,4415
2016-02-29 10:48:50.811,154.508,1931
2016-02-29 10:48:52.056,155.9524,628
2016-02-29 10:48:58.524,157.2746,1429
2016-02-29 10:49:06.572,158.1316,257
2016-02-29 10:49:10.915,159.5381,2379
2016-02-29 10:49:17.480,159.8207,2274
2016-02-29 10:49:17.646,159.5145,4023
2016-02-29 10:49:27.014,160.8302,3743
2016-02-29 10:49:27.689,161.7444,4039
2016-02-29 10:49:31.782,161.3421,3755
2016-02-29 10:49:38.818,159.8707,4574
2016-02-29 10:49:47.442,160.7542,3148
2016-02-29 10:49:53.985,160.4359,1822
2016-02-29 10:50:03.011,161.3018,932
2016-02-29 10:50:07.761,162.0536,2053
2016-02-29 10:50:12.927,162.5289,4926
2016-02-29 10:50:18.958,164.1008,2359
2016-02-29 10:50:28.036,163.6315,2830
2016-02-29 10:50:36.913,164.5334,1826
2016-02-29 10:50:40.353,162.9796,472
2016-02-29 10:50:46.644,161.7673,142
2016-02-29 10:50:51.717,163.1009,3734
2016-02-29 10:50:52.584,162.4936,713
2016-02-29 10:50:53.955,163.5625,3795
2016-02-29 10:50:55.051,164.5686,4633
2016-02-29 10:50:56.654,166.0949,447
2016-02-29 10:50:57.088,164.9602,1070
2016-02-29 10:51:06.538,165.0746,1169
2016-02-29 10:51:13.226,166.6312,854
2016-02-29 10:51:19.159,166.0454,4607
2016-02-29 10:51:22.543,165.2818,4568
2016-02-29 10:51:28.176,166.6734,2922
2016-02-29 10:51:35.984,165.9147,689
2016-02-29 10:51:42.612,166.6508,1714
2016-02-29 10:51:43.989,166.5694,1500
2016-02-29 10:51:44.784,166.5173,849
2016-02-29 10:51:48.207,165.1572,439
2016-02-29 10:51:51.018,164.8875,1137
2016-02-29 10:51:55.791,164.4386,2903
2016-02-29 10:51:57.748,165.2546,2131
2016-02-29 10:52:00.917,164.9399,4320
2016-02-29 10:52:01.334,163.8671,2680
2016-02-29 10:52:09.798,162.233,430
2016-02-29 10:52:18.028,161.9864,754
2016-02-29 10:52:24.883,162.3654,3629
2016-02-29 10:52:34.049,163.647,2839
2016-02-29 10:52:34.337,162.7548,273
2016-02-29 10:52:42.415,162.1306,1274
2016-02-29 10:52:49.637,160.8952,2085
2016-02-29 10:52:59.212,161.5246,1846
2016-02-29 10:52:59.520,160.7052,4798
2016-02-29 10:53:00.680,161.0865,4485
2016-02-29 10:53:01.984,159.9212,4436
2016-02-29 10:53:04.879,160.0915,4248
2016-02-29 10:53:14.166,160.1778,2482
2016-02-29 10:53:16.165,161.1901,4468
2016-02-29 10:53:22.343,160.3702,3010
2016-02-29 10:53:28.483,161.8789,4380
2016-02-29 10:53:37.350,162.07,4359
2016-02-29 10:53:40.154,162.0529,2571
2016-02-29 10:53:48.282,161.9518,2351
2016-02-29 10:53:51.085,161.2444,693
2016-02-29 10:53:52.800,161.6329,2972
2016-02-29 10:53:54.011,160.1911,3731
2016-02-29 10:53:58.844,160.9144,131
2016-02-29 10:53:58.958,162.0617,2052
2016-02-29 10:53:59.916,161.1068,382
2016-02-29 10:54:08.612,160.4433,4659
2016-02-29 10:54:17.375,160.8478,3074
2016-02-29 10:54:17.716,161.1585,3885
2016-02-29 10:54:27.454,162.0512,1993
2016-02-29 10:54:36.045,161.0759,232
2016-02-29 10:54:45.214,162.3396,4275
2016-02-29 10:54:50.411,161.0017,1681
2016-02-29 10:54:59.636,161.7253,4960
2016-02-29 10:55:04.640,162.7,1893
2016-02-29 10:55:12.797,161.6398,4539
2016-02-29 10:55:21.543,163.0806,4942
2016-02-29 10:55:25.885,161.8788,1274
2016-02-29 10:55:28.220,161.2554,4098
2016-02-29 10:55:34.345,161.7872,2167
2016-02-29 10:55:34.928,162.8542,1466
2016-02-29 10:55:37.582,162.769,1735
2016-02-29 10:55:44.532,163.1876,1490
2016-02-29 10:55:53.356,161.6268,4838
2016-02-29 10:56:00.628,162.5523,945
2016-02-29 10:56:02.881,162.3697,1262
2016-02-29 10:56:06.907,162.6365,1310
2016-02-29 10:56:14.229,164.2078,1720
2016-02-29 10:56:17.962,163.0746,4455
2016-02-29 10:56:27.784,162.5229,589
2016-02-29 10:56:29.103,163.9813,2353
2016-02-29 10:56:37.790,164.6902,4122
2016-02-29 10:56:40.159,163.1443,1735
2016-02-29 10:56:43.048,163.7456,4489
2016-02-29 10:56:52.600,164.3461,2602
2016-02-29 10:56:57.798,165.4978,777
2016-02-29 10:57:03.461,166.943,1720
2016-02-29 10:57:11.526,165.8227,1413
2016-02-29 10:57:16.670,166.4919,4075
2016-02-29 10:57:23.294,165.1862,3244
2016-02-29 10:57:28.812,163.8006,4547
2016-02-29 10:57:34.664,164.2062,4036
2016-02-29 10:57:43.980,165.262,3835
2016-02-29 10:57:47.927,165.4143,1782
2016-02-29 10:57:52.356,165.8629,1024
2016-02-29 10:58:00.218,165.5878,4900
2016-02-29 10:58:00.798,165.5865,1707
2016-02-29 10:58:07.690,167.0739,3673
2016-02-29 10:58:10.384,165.6918,626
2016-02-29 10:58:17.335,164.8063,2084
2016-02-29 10:58:23.591,166.1385,2318
2016-02-29 10:58:29.513,166.2524,1914
2016-02-29 10:58:31.207,166.1106,420
2016-02-29 10:58:34.555,164.8086,1757
2016-02-29 10:58:36.382,163.9929,864
2016-02-29 10:58:45.393,165.4289,2562
2016-02-29 10:58:53.986,164.3109,1089
2016-02-29 10:59:03.711,163.3954,688
2016-02-29 10:59:13.577,162.0074,1450
2016-02-29 10:59:15.061,161.2878,1909
2016-02-29 10:59:17.378,160.3618,3844
2016-02-29 10:59:26.663,159.6639,3867
2016-02-29 10:59:34.900,158.7521,54
2016-02-29 10:59:38.071,158.5973,798
2016-02-29 10:59:43.138,157.7337,3520
2016-02-29 10:59:52.910,156.3397,3679
2016-02-29 10:59:55.229,155.1032,4180
2016-02-29 10:59:56.669,156.0125,186
2016-02-29 10:59:57.022,156.5033,2444
2016-02-29 11:00:06.099,157.0533,4060
2016-02-29 11:00:12.671,157.5428,3994
2016-02-29 11:00:15.657,157.4384,1600
2016-02-29 11:00:17.172,155.994,4405
2016-02-29 11:00:24.563,157.0114,4511
2016-02-29 11:00:29.509,155.5231,4719
2016-02-29 11:00:38.758,156.5933,375
2016-02-29 11:00:44.284,156.8067,2218
2016-02-29 11:00:53.033,156.853,2413
2016-02-29 11:00:58.219,156.7872,4008
2016-02-29 11:00:59.445,157.6968,2187
2016-02-29 11:00:59.606,158.0386,1535
2016-02-29 11:01:06.309,159.2622,95
2016-02-29 11:01:09.216,159.5735,3058
2016-02-29 11:01:11.069,161.0348,4938
2016-02-29 11:01:14.613,161.102,4161
2016-02-29 11:01:21.647,160.2111,3788
2016-02-29 11:01:30.444,161.7303,1144
2016-02-29 11:01:30.943,162.451,1303
2016-02-29 11:01:35.620,160.9178,246
2016-02-29 11:01:37.458,162.4174,4103
2016-02-29 11:01:38.787,162.9434,4996
2016-02-29 11:01:41.265,164.5262,196
2016-02-29 11:01:50.033,166.0688,3735
2016-02-29 11:01:55.481,165.4544,1122
2016-02-29 11:01:55.654,164.2367,4010
2016-02-29 11:02:03.064,164.234,669
2016-02-29 11:02:06.845,165.3898,2642
2016-02-29 11:02:14.328,165.6214,4196
2016-02-29 11:02:21.637,165.4663,138
2016-02-29 11:02:27.889,165.4728,1974
2016-02-29 11:02:31.003,165.5314,3491
2016-02-29 11:02:32.030,166.3654,4683
2016-02-29 11:02:39.907,165.7035,2052
2016-02-29 11:02:40.522,164.2668,3543
2016-02-29 11:02:43.312,164.5131,4728
2016-02-29 11:02:47.032,164.3969,2223
2016-02-29 11:02:49.038,165.5221,3527
2016-02-29 11:02:58.419,165.8022,197
2016-02-29 11:03:01.958,164.951,2960
2016-02-29 11:03:05.356,165.9086,2250
2016-02-29 11:03:10.279,167.2022,3676
2016-02-29 11:03:17.170,165.5666,2361
2016-02-29 11:03:23.110,167.0317,3555
2016-02-29 11:03:24.130,166.3362,2200
2016-02-29 11:03:27.895,165.0008,140
2016-02-29 11:03:35.721,166.3599,4465
2016-02-29 11:03:36.852,166.2036,3357
2016-02-29 11:03:42.128,166.0518,1132
2016-02-29 11:03:44.173,166.7726,581
2016-02-29 11:03:44.433,166.1798,910
2016-02-29 11:03:52.159,167.0801,2240
2016-02-29 11:03:59.727,165.7612,3366
2016-02-29 11:04:08.383,164.7601,893
2016-02-29 11:04:09.365,163.1491,4042
2016-02-29 11:04:10.118,162.9878,2192
2016-02-29 11:04:13.026,161.8118,4872
2016-02-29 11:04:22.792,160.5825,1258
2016-02-29 11:04:29.053,160.2249,4324
2016-02-29 11:04:29.352,159.4085,3715
2016-02-29 11:04:36.722,160.7608,1330
2016-02-29 11:04:38.890,159.1749,1389
2016-02-29 11:04:46.337,160.1249,4763
2016-02-29 11:04:54.160,161.5416,3326
2016-02-29 11:05:00.594,162.2,707
2016-02-29 11:05:02.969,162.0433,839
2016-02-29 11:05:06.094,161.1342,64
2016-02-29 11:05:13.477,162.1335,4159
2016-02-29 11:05:14.867,163.4083,824
2016-02-29 11:05:16.407,163.0502,642
2016-02-29 11:05:23.405,162.0017,4852
2016-02-29 11:05:31.957,162.9924,415
2016-02-29 11:05:35.213,162.1279,433
2016-02-29 11:05:37.335,160.8457,2766
2016-02-29 11:05:47.296,160.0017,1807
2016-02-29 11:05:56.964,161.0722,4783
2016-02-29 11:06:03.764,159.9755,1653
2016-02-29 11:06:10.437,161.486,2903
2016-02-29 11:06:17.326,161.6596,4511
2016-02-29 11:06:18.785,162.9001,1807
2016-02-29 11:06:20.195,161.6986,296
2016-02-29 11:06:28.523,160.3928,3813
2016-02-29 11:06:33.997,160.882,1675
2016-02-29 11:06:39.807,160.0192,2691
2016-02-29 11:06:43.654,159.3397,2359
2016-02-29 11:06:50.491,160.2875,4935
2016-02-29 11:06:59.947,160.4781,273
2016-02-29 11:07:05.580,161.4102,1057
2016-02-29 11:07:07.930,162.8787,1216
2016-02-29 11:07:13.844,161.5724,4226
2016-02-29 11:07:23.051,162.1125,1323
2016-02-29 11:07:32.395,160.6382,531
2016-02-29 11:07:33.754,160.3408,90
2016-02-29 11:07:39.594,161.6405,2946
2016-02-29 11:07:41.757,162.9276,3758
2016-02-29 11:07:51.336,161.972,910
2016-02-29 11:07:58.041,161.685,2082
2016-02-29 11:08:03.519,160.9853,3621
2016-02-29 11:08:08.760,160.9263,3130
2016-02-29 11:08:11.110,160.8939,2141
2016-02-29 11:08:13.378,162.2785,216
2016-02-29 11:08:13.536,163.1096,4303
2016-02-29 11:08:21.002,163.7852,2949
2016-02-29 11:08:26.941,163.0026,1972
2016-02-29 11:08:29.318,163.613,1714
2016-02-29 11:08:30.623,164.3713,4192
2016-02-29 11:08:36.418,164.8272,1467
2016-02-29 11:08:37.574,165.4074,580
2016-02-29 11:08:47.123,165.0334,3980
2016-02-29 11:08:49.619,166.1043,1870
2016-02-29 11:08:57.759,165.3967,1779
2016-02-29 11:09:05.198,165.0185,3161
2016-02-29 11:09:13.841,165.8374,1277
2016-02-29 11:09:16.573,166.1856,2221
2016-02-29 11:09:24.145,166.9409,526
2016-02-29 11:09:25.784,165.9293,2409
2016-02-29 11:09:27.841,166.5899,2064
2016-02-29 11:09:31.435,167.5034,4062
2016-02-29 11:09:38.929,167.7768,2400
2016-02-29 11:09:46.639,166.5269,2059
2016-02-29 11:09:49.492,166.5327,4934
2016-02-29 11:09:57.191,164.9752,1696
2016-02-29 11:09:59.958,165.2471,4344
2016-02-29 11:10:04.205,166.491,2683
2016-02-29 11:10:05.931,166.5926,69
2016-02-29 11:10:07.929,167.8639,4684
2016-02-29 11:10:16.746,169.4733,4144
2016-02-29 11:10:22.637,169.5178,132
2016-02-29 11:10:29.336,170.4302,2138
2016-02-29 11:10:35.125,168.8319,4059
2016-02-29 11:10:38.830,169.1559,431
2016-02-29 11:10:39.683,168.6546,438
2016-02-29 11:10:40.884,168.4302,1131
2016-02-29 11:10:45.170,167.1458,2774
2016-02-29 11:10:45.537,167.5972,4779
2016-02-29 11:10:48.167,168.3279,1459
2016-02-29 11:10:51.023,168.3701,761
2016-02-29 11:10:52.026,169.865,4079
2016-02-29 11:10:53.608,170.0315,2916
2016-02-29 11:11:02.307,169.2328,2182
2016-02-29 11:11:09.733,168.9803,4558
2016-02-29 11:11:09.987,169.4821,4039
2016-02-29 11:11:13.624,168.6636,3437
2016-02-29 11:11:18.103,169.8116,4273
2016-02-29 11:11:21.338,170.5728,1848
2016-02-29 11:11:30.967,169.6321,4783
2016-02-29 11:11:33.878,170.8042,708
2016-02-29 11:11:35.300,169.2859,3570
2016-02-29 11:11:38.397,168.6771,473
2016-02-29 11:11:39.597,167.8708,3618
2016-02-29 11:11:46.227,167.0126,4827
2016-02-29 11:11:53.628,165.6155,1431
2016-02-29 11:12:03.109,164.5985,4645
2016-02-29 11:12:05.688,165.7689,162
2016-02-29 11:12:12.588,167.3368,1711
2016-02-29 11:12:21.096,167.6666,3637
2016-02-29 11:12:22.279,168.965,3000
2016-02-29 11:12:22.573,167.4419,4116
2016-02-29 11:12:32.210,167.8571,3654
2016-02-29 11:12:41.571,168.7555,3406
2016-02-29 11:12:45.160,167.9474,103
2016-02-29 11:12:45.375,168.3295,4759
2016-02-29 11:12:49.874,169.4305,826
2016-02-29 11:12:56.877,170.2751,2112
2016-02-29 11:13:06.102,171.0654,2563
2016-02-29 11:13:11.047,172.5279,970
2016-02-29 11:13:11.984,172.9395,1042
2016-02-29 11:13:17.959,172.4575,3738
2016-02-29 11:13:19.587,172.6103,4056
2016-02-29 11:13:26.825,174.1041,1693
2016-02-29 11:13:28.635,173.7547,890
2016-02-29 11:13:34.855,175.1779,4397
2016-02-29 11:13:40.420,176.4347,274
2016-02-29 11:13:48.302,176.1529,1966
2016-02-29 11:13:53.435,177.3022,2048
2016-02-29 11:13:58.235,175.7413,2831
2016-02-29 11:14:07.940,174.7148,4992
2016-02-29 11:14:09.496,174.1416,2815
2016-02-29 11:14:09.669,172.5407,2664
2016-02-29 11:14:13.428,173.5445,2991
2016-02-29 11:14:21.255,172.638,4192
2016-02-29 11:14:30.330,174.1037,795
2016-02-29 11:14:38.027,172.3941,1209
2016-02-29 11:14:40.777,173.9457,4317
2016-02-29 11:14:40.780,173.8245,3903
2016-02-29 11:14:43.728,173.9655,3930
2016-02-29 11:14:49.550,175.6001,242
2016-02-29 11:14:51.510,176.0284,1701
2016-02-29 11:14:54.225,176.519,3686
2016-02-29 11:14:58.882,177.4808,4833
2016-02-29 11:15:03.709,178.2721,1478
2016-02-29 11:15:06.425,178.7571,4994
2016-02-29 11:15:10.812,178.7193,1149
2016-02-29 11:15:12.044,178.1849,1365
2016-02-29 11:15:17.627,177.9275,1564
2016-02-29 11:15:22.876,177.712,1900
2016-02-29 11:15:30.959,176.716,3922
2016-02-29 11:15:35.916,177.7068,4211
2016-02-29 11:15:39.139,176.1297,599
2016-02-29 11:15:42.627,176.736,3747
2016-02-29 11:15:50.940,178.1693,3960
2016-02-29 11:15:55.943,177.9847,3506
2016-02-29 11:15:56.988,178.6812,4328
2016-02-29 11:16:02.078,178.1134,2180
2016-02-29 11:16:07.793,178.1575,2015
2016-02-29 11:16:10.722,176.6996,1974
2016-02-29 11:16:11.143,174.9399,954
2016-02-29 11:16:17.449,173.615,71
2016-02-29 11:16:19.997,174.5935,4493
2016-02-29 11:16:28.781,175.649,3881
2016-02-29 11:16:36.973,174.636,4482
2016-02-29 11:16:42.260,173.3659,3198
2016-02-29 11:16:47.826,174.9926,4109
2016-02-29 11:16:56.551,175.2884,968
2016-02-29 11:16:59.406,174.7066,3601
2016-02-29 11:17:03.168,176.1659,3440
2016-02-29 11:17:04.396,176.735,4492
2016-02-29 11:17:10.324,176.1846,1368
2016-02-29 11:17:16.523,175.5228,1623
2016-02-29 11:17:18.785,176.1955,2723
2016-02-29 11:17:19.858,174.8758,446
2016-02-29 11:17:25.523,176.5759,1442
2016-02-29 11:17:25.775,175.7826,2044
2016-02-29 11:17:28.235,175.7607,2774
2016-02-29 11:17:33.147,175.2368,2430
2016-02-29 11:17:36.098,176.2372,2744
2016-02-29 11:17:36.886,176.3342,3358
2016-02-29 11:17:40.636,175.4994,768
2016-02-29 11:17:41.997,176.2367,4369
2016-02-29 11:17:42.989,175.3724,1048
2016-02-29 11:17:52.507,175.3763,732
2016-02-29 11:18:00.341,175.5685,4306
2016-02-29 11:18:04.631,175.9928,4244
2016-02-29 11:18:10.871,175.8068,4310
2016-02-29 11:18:20.091,174.5458,4712
2016-02-29 11:18:26.343,175.2483,2357
2016-02-29 11:18:35.298,175.1566,2810
2016-02-29 11:18:41.539,176.5711,1036
2016-02-29 11:18:41.977,177.8158,2064
2016-02-29 11:18:47.324,177.1251,4353
2016-02-29 11:18:56.353,176.2858,521
2016-02-29 11:18:59.018,175.3019,4140
2016-02-29 11:19:06.750,176.6024,3920
2016-02-29 11:19:08.202,177.5336,1801
2016-02-29 11:19:09.811,177.3207,4233
2016-02-29 11:19:13.355,176.8685,733
2016-02-29 11:19:13.395,176.1783,988
2016-02-29 11:19:15.272,175.6199,2432
2016-02-29 11:19:21.539,175.0112,1081
2016-02-29 11:19:26.627,176.2486,4554
2016-02-29 11:19:30.626,177.2126,3276
2016-02-29 11:19:39.202,177.8162,1818
2016-02-29 11:19:43.360,177.975,2453
2016-02-29 11:19:47.819,178.1352,2295
2016-02-29 11:19:51.308,178.597,1962
2016-02-29 11:19:51.819,179.4401,4747
2016-02-29 11:19:56.353,181.202,654
2016-02-29 11:19:57.430,180.6399,1254
2016-02-29 11:20:06.608,181.9207,4308
2016-02-29 11:20:08.696,182.7006,1183
2016-02-29 11:20:10.426,181.0197,2798
2016-02-29 11:20:11.284,179.7421,4009
2016-02-29 11:20:17.214,180.5162,3222
2016-02-29 11:20:19.130,180.5524,450
2016-02-29 11:20:22.097,181.5971,2272
2016-02-29 11:20:25.053,181.5683,1352
2016-02-29 11:20:32.356,180.2407,1178
2016-02-29 11:20:37.478,179.1301,4620
2016-02-29 11:20:39.013,180.6377,2092
2016-02-29 11:20:39.083,179.9802,4300
2016-02-29 11:20:43.490,180.967,856
2016-02-29 11:20:52.275,182.4044,357
2016-02-29 11:21:01.469,182.3359,1955
2016-02-29 11:21:11.260,182.777,808
2016-02-29 11:21:13.182,181.7888,1668
2016-02-29 11:21:13.357,182.2079,4424
2016-02-29 11:21:22.810,182.2845,1555
2016-02-29 11:21:28.187,181.1767,4011
2016-02-29 11:21:28.883,182.7095,4055
2016-02-29 11:21:38.266,181.935,4433
2016-02-29 11:21:44.266,180.2712,3303
2016-02-29 11:21:47.769,181.829,2939
2016-02-29 11:21:50.642,180.6981,2174
2016-02-29 11:21:54.663,179.7034,4299
2016-02-29 11:22:01.501,180.6767,1626
2016-02-29 11:22:07.608,181.2802,3116
2016-02-29 11:22:15.956,182.5671,2142
2016-02-29 11:22:16.885,184.0012,2639
2016-02-29 11:22:23.046,183.2753,1667
2016-02-29 11:22:30.757,183.9529,1059
2016-02-29 11:22:32.526,185.0324,2682
2016-02-29 11:22:38.428,184.5084,1317
2016-02-29 11:22:40.692,184.7888,269
2016-02-29 11:22:49.774,184.6008,1246
2016-02-29 11:22:58.285,186.0612,4983
2016-02-29 11:23:04.339,186.9023,390
2016-02-29 11:23:09.809,186.297,4648
2016-02-29 11:23:11.613,185.094,4732
2016-02-29 11:23:18.562,184.6863,3765
2016-02-29 11:23:23.267,184.5017,915
2016-02-29 11:23:32.780,183.367,4700
2016-02-29 11:23:40.828,183.2116,1729
2016-02-29 11:23:49.906,183.913,1872
2016-02-29 11:23:51.548,184.589,2570
2016-02-29 11:23:52.076,184.4818,2517
2016-02-29 11:24:00.868,186.2339,423
2016-02-29 11:24:01.912,186.7399,4481
2016-02-29 11:24:06.086,186.8061,279
2016-02-29 11:24:11.533,185.3936,2557
2016-02-29 11:24:14.577,185.1308,573
2016-02-29 11:24:22.439,184.8558,3785
2016-02-29 11:24:32.045,186.4946,1807
2016-02-29 11:24:40.666,185.8894,4269
2016-02-29 11:24:43.510,187.5484,2940
2016-02-29 11:24:49.735,188.2694,756
2016-02-29 11:24:57.338,186.9853,1214
2016-02-29 11:24:58.464,185.6284,3151
2016-02-29 11:25:01.080,185.06,1050
2016-02-29 11:25:05.336,183.4816,2952
2016-02-29 11:25:06.558,182.1009,2658
2016-02-29 11:25:10.090,181.4491,3867
2016-02-29 11:25:10.343,180.2491,2309
2016-02-29 11:25:14.119,180.4718,732
2016-02-29 11:25:17.042,180.7782,3391
2016-02-29 11:25:20.887,182.3882,4738
2016-02-29 11:25:27.511,183.3466,4870
2016-02-29 11:25:34.272,185.1142,3118
2016-02-29 11:25:40.227,184.6138,983
2016-02-29 11:25:41.726,186.0975,3520
2016-02-29 11:25:48.099,187.945,3877
2016-02-29 11:25:56.434,187.0725,2495
2016-02-29 11:25:57.447,188.5966,2067
2016-02-29 11:25:58.625,189.922,3997
2016-02-29 11:25:59.066,190.4453,347
2016-02-29 11:26:01.744,192.232,1073
2016-02-29 11:26:07.938,192.465,4977
2016-02-29 11:26:17.732,192.0357,1299
2016-02-29 11:26:20.367,191.9908,2366
2016-02-29 11:26:22.940,193.4351,177
2016-02-29 11:26:27.696,192.0313,2949
2016-02-29 11:26:30.644,192.3364,650
2016-02-29 11:26:30.823,192.8348,3655
2016-02-29 11:26:33.321,191.4808,4637
2016-02-29 11:26:40.999,192.7464,34
2016-02-29 11:26:46.429,191.3519,2212
2016-02-29 11:26:54.547,192.5964,114
2016-02-29 11:26:54.797,191.9575,3757
2016-02-29 11:26:54.803,192.4083,1177
2016-02-29 11:27:02.724,193.5348,1364
2016-02-29 11:27:07.948,194.1501,2192
2016-02-29 11:27:14.304,195.2653,3649
2016-02-29 11:27:16.187,196.7182,3453
2016-02-29 11:27:19.331,194.8694,2123
2016-02-29 11:27:27.602,193.0648,3525
2016-02-29 11:27:33.506,192.3002,2946
2016-02-29 11:27:38.507,191.9876,3017
2016-02-29 11:27:41.926,191.2764,3580
2016-02-29 11:27:48.402,192.0575,4884
2016-02-29 11:27:50.720,191.7613,1579
2016-02-29 11:27:59.540,193.3489,2231
2016-02-29 11:28:03.222,192.5618,2457
2016-02-29 11:28:07.018,194.2734,302
2016-02-29 11:28:15.332,192.8576,3093
2016-02-29 11:28:17.085,192.3758,3448
2016-02-29 11:28:21.597,192.9773,672
2016-02-29 11:28:25.076,194.3268,1634
2016-02-29 11:28:26.996,194.1931,3670
2016-02-29 11:28:36.214,192.5172,620
2016-02-29 11:28:44.339,191.4839,264
2016-02-29 11:28:49.778,191.6289,2759
2016-02-29 11:28:55.731,190.2276,4624
2016-02-29 11:28:59.735,190.9299,1949
2016-02-29 11:29:08.638,191.3602,4974
2016-02-29 11:29:09.728,190.6295,1275
2016-02-29 11:29:14.917,192.2196,4324
2016-02-29 11:29:23.981,193.4348,909
2016-02-29 11:29:29.005,194.3179,3143
2016-02-29 11:29:38.786,194.6029,1458
2016-02-29 11:29:39.770,195.8726,243
2016-02-29 11:29:46.148,195.1936,1593
2016-02-29 11:29:55.504,194.5031,4869
2016-02-29 11:29:59.673,196.4331,4226
2016-02-29 11:30:00.630,197.9071,1952
2016-02-29 11:30:02.543,198.5486,4952
2016-02-29 11:30:08.656,198.5673,4610
2016-02-29 11:30:12.148,200.4819,612
2016-02-29 11:30:17.364,201.2436,400
2016-02-29 11:30:24.998,200.3543,3416
2016-02-29 11:30:28.768,200.7431,4673
2016-02-29 11:30:34.293,199.5338,1534
2016-02-29 11:30:37.779,200.9334,1380
2016-02-29 11:30:44.642,201.9381,4413
2016-02-29 11:30:46.921,201.3517,1550
2016-02-29 11:30:48.685,201.4659,2196
2016-02-29 11:30:56.241,201.0577,4880
2016-02-29 11:31:01.899,199.1891,2947
2016-02-29 11:31:02.801,198.8829,2918
2016-02-29 11:31:06.678,198.1741,4208
2016-02-29 11:31:08.138,199.7707,2520
2016-02-29 11:31:11.744,201.0923,3011
2016-02-29 11:31:14.196,199.209,3290
2016-02-29 11:31:15.561,200.2037,2642
2016-02-29 11:31:17.771,200.2955,4120
2016-02-29 11:31:24.664,199.429,819
2016-02-29 11:31:28.733,199.2763,1691
2016-02-29 11:31:30.098,199.0259,979
2016-02-29 11:31:30.726,198.2031,2018
2016-02-29 11:31:39.714,197.5986,3188
2016-02-29 11:31:49.581,197.8308,3184
2016-02-29 11:31:52.033,199.3751,1406
2016-02-29 11:31:58.137,199.7745,3306
2016-02-29 11:32:06.069,200.1544,3177
2016-02-29 11:32:15.997,199.5282,4672
2016-02-29 11:32:17.357,200.2149,469
2016-02-29 11:32:24.920,200.4407,3648
2016-02-29 11:32:26.050,202.3232,4398
2016-02-29 11:32:27.274,200.7565,4226
2016-02-29 11:32:36.699,200.7078,1435
2016-02-29 11:32:41.071,199.5314,3203
2016-02-29 11:32:42.048,201.2232,4987
2016-02-29 11:32:46.559,199.4045,1793
2016-02-29 11:32:49.718,198.2683,2899
2016-02-29 11:32:54.347,199.8725,1186
2016-02-29 11:32:59.218,198.8686,2021
2016-02-29 11:33:00.606,200.6689,4529
2016-02-29 11:33:09.247,201.9164,1805
2016-02-29 11:33:14.044,202.3285,1427
2016-02-29 11:33:20.341,200.9958,576
2016-02-29 11:33:20.630,200.4769,2861
2016-02-29 11:33:29.380,199.4931,1959
2016-02-29 11:33:38.528,198.0731,2605
2016-02-29 11:33:39.545,196.1832,129
2016-02-29 11:33:42.367,196.8563,1899
2016-02-29 11:33:43.134,198.4031,56
2016-02-29 11:33:52.396,196.9352,2184
2016-02-29 11:33:58.161,195.8393,3483
2016-02-29 11:34:03.675,194.5412,608
2016-02-29 11:34:13.588,193.626,385
2016-02-29 11:34:13.664,195.2085,1500
2016-02-29 11:34:16.131,195.4325,4632
2016-02-29 11:34:25.509,196.7541,2956
2016-02-29 11:34:30.686,196.0418,834
2016-02-29 11:34:31.586,197.3269,1199
2016-02-29 11:34:40.587,198.9988,1422
2016-02-29 11:34:47.300,198.0639,3330
2016-02-29 11:34:55.538,199.6283,1908
2016-02-29 11:34:56.200,200.6851,2001
2016-02-29 11:35:03.925,200.8544,3945
2016-02-29 11:35:11.132,199.2078,3203
2016-02-29 11:35:17.636,197.2363,4057
2016-02-29 11:35:18.875,198.1158,2123
2016-02-29 11:35:26.024,196.307,3357
2016-02-29 11:35:28.751,194.763,2535
2016-02-29 11:35:28.933,196.2298,3965
2016-02-29 11:35:38.632,194.5274,1838
2016-02-29 11:35:47.370,195.0274,4227
2016-02-29 11:35:50.686,196.3632,4230
2016-02-29 11:35:52.735,196.4224,2296
2016-02-29 11:35:57.787,195.7405,3377
2016-02-29 11:36:02.669,196.3855,4592
2016-02-29 11:36:04.007,197.835,4593
2016-02-29 11:36:12.205,195.9556,2548
2016-02-29 11:36:12.532,194.1098,4947
2016-02-29 11:36:16.706,194.831,2437
2016-02-29 11:36:25.889,196.5197,3987
2016-02-29 11:36:26.056,196.6677,3503
2016-02-29 11:36:29.702,198.3765,24
2016-02-29 11:36:33.482,198.8709,3647
2016-02-29 11:36:38.444,199.6265,4864
2016-02-29 11:36:38.560,199.0732,2690
2016-02-29 11:36:47.053,198.3717,1451
2016-02-29 11:36:49.839,198.2142,1629
2016-02-29 11:36:57.892,198.9805,2838
2016-02-29 11:37:01.522,199.2787,2588
2016-02-29 11:37:08.388,198.9604,4143
2016-02-29 11:37:12.326,197.5005,261
2016-02-29 11:37:14.378,196.4015,4786
2016-02-29 11:37:14.585,198.351,2188
2016-02-29 11:37:22.276,198.2692,266
2016-02-29 11:37:31.530,197.9895,3526
2016-02-29 11:37:41.504,199.4095,813
2016-02-29 11:37:49.770,197.586,2127
2016-02-29 11:37:54.457,197.2291,1302
2016-02-29 11:37:59.421,195.8798,3223
2016-02-29 11:38:07.588,197.501,105
2016-02-29 11:38:08.929,196.5882,2481
2016-02-29 11:38:13.255,196.728,3188
2016-02-29 11:38:21.019,195.0713,2778
2016-02-29 11:38:22.026,193.5825,3535
2016-02-29 11:38:30.413,193.6213,2203
2016-02-29 11:38:34.714,194.3128,3412
2016-02-29 11:38:36.562,193.9429,2232
2016-02-29 11:38:44.423,192.5857,865
2016-02-29 11:38:47.384,190.779,367
2016-02-29 11:38:50.738,191.338,2210
2016-02-29 11:38:51.748,190.6282,2593
2016-02-29 11:38:59.858,192.09,1211
2016-02-29 11:39:08.997,190.7195,4263
2016-02-29 11:39:09.842,192.2482,658
2016-02-29 11:39:13.446,190.6916,3067
2016-02-29 11:39:16.441,192.4432,2575
2016-02-29 11:39:21.538,190.9176,2070
2016-02-29 11:39:30.671,191.5428,1920
2016-02-29 11:39:37.960,192.6276,2872
2016-02-29 11:39:38.755,192.0573,167
2016-02-29 11:39:46.150,192.032,3702
2016-02-29 11:39:53.093,193.4887,110
2016-02-29 11:39:58.131,192.2799,4027
2016-02-29 11:40:04.452,190.568,4643
2016-02-29 11:40:13.473,190.1447,3603
2016-02-29 11:40:21.281,190.9288,4865
2016-02-29 11:40:21.351,192.2717,491
2016-02-29 11:40:30.264,193.344,2158
2016-02-29 11:40:39.729,191.6161,1139
2016-02-29 11:40:45.989,189.9104,239
2016-02-29 11:40:55.936,190.3465,3272
2016-02-29 11:41:04.719,191.6414,4979
2016-02-29 11:41:11.226,192.5658,4731
2016-02-29 11:41:20.506,194.4183,1194
2016-02-29 11:41:30.306,196.0816,4849
2016-02-29 11:41:32.181,194.5529,4098
2016-02-29 11:41:35.020,195.8915,4855
2016-02-29 11:41:43.340,194.9658,2083
2016-02-29 11:41:51.585,196.3831,3221
2016-02-29 11:41:53.965,196.53,2987
2016-02-29 11:41:55.384,196.6783,3628
2016-02-29 11:42:00.608,195.1377,607
2016-02-29 11:42:03.354,196.5102,2114
2016-02-29 11:42:07.268,197.978,918
2016-02-29 11:42:10.742,199.4321,1213
2016-02-29 11:42:18.655,199.1989,65
2016-02-29 11:42:22.674,198.0468,2458
2016-02-29 11:42:26.170,199.0625,3547
2016-02-29 11:42:35.236,200.0534,2903
2016-02-29 11:42:45.099,201.1218,1327
2016-02-29 11:42:46.749,203.069,3211
2016-02-29 11:42:54.569,203.0222,1751
2016-02-29 11:43:01.447,201.1175,1116
2016-02-29 11:43:09.733,199.9155,4741
2016-02-29 11:43:17.471,200.5148,2564
2016-02-29 11:43:26.522,200.9621,951
2016-02-29 11:43:32.810,199.1234,2748
2016-02-29 11:43:34.044,198.1846,4166
2016-02-29 11:43:43.187,199.0771,4026
2016-02-29 11:43:48.355,198.3451,1794
2016-02-29 11:43:54.073,196.641,475
2016-02-29 11:44:02.074,198.275,33
2016-02-29 11:44:10.824,198.3504,936
2016-02-29 11:44:14.576,196.7463,4736
2016-02-29 11:44:14.909,197.1314,1034
2016-02-29 11:44:19.389,197.0382,4269
2016-02-29 11:44:23.264,195.3219,1857
2016-02-29 11:44:31.927,196.1801,441
2016-02-29 11:44:36.294,197.6936,324
2016-02-29 11:44:36.671,197.4061,1774
2016-02-29 11:44:46.534,199.0474,1409
2016-02-29 11:44:55.446,197.1101,2939
2016-02-29 11:44:57.453,196.1784,4996
2016-02-29 11:45:03.764,195.2078,1622
2016-02-29 11:45:06.690,196.8177,45
2016-02-29 11:45:13.833,196.4163,398
2016-02-29 11:45:20.950,195.6131,48
2016-02-29 11:45:26.989,194.4563,771
2016-02-29 11:45:36.233,193.1213,3287
2016-02-29 11:45:42.049,191.4771,2743
2016-02-29 11:45:48.869,190.5875,2910
2016-02-29 11:45:55.215,189.8725,1589
2016-02-29 11:45:58.230,191.1197,797
2016-02-29 11:46:06.760,189.5814,2654
2016-02-29 11:46:10.860,187.8973,3325
2016-02-29 11:46:20.453,186.8823,754
2016-02-29 11:46:25.786,188.289,3975
2016-02-29 11:46:29.701,189.7633,4402
2016-02-29 11:46:35.513,188.0237,1671
2016-02-29 11:46:40.466,186.3263,4645
2016-02-29 11:46:43.516,185.3256,2277
2016-02-29 11:46:47.372,183.7868,1730
2016-02-29 11:46:48.065,182.59,1849
2016-02-29 11:46:52.569,181.8731,69
2016-02-29 11:46:56.170,182.5383,1422
2016-02-29 11:46:59.172,184.3247,71
2016-02-29 11:47:00.563,182.8329,440
2016-02-29 11:47:02.785,182.5809,2808
2016-02-29 11:47:03.200,181.1627,836
2016-02-29 11:47:11.607,179.9941,1616
2016-02-29 11:47:20.105,180.6864,3584
2016-02-29 11:47:27.175,180.5748,4499
2016-02-29 11:47:33.880,179.8887,1133
2016-02-29 11:47:41.871,178.3285,2836
2016-02-29 11:47:46.484,178.0876,1015
2016-02-29 11:47:50.273,177.9062,1784
2016-02-29 11:47:55.680,178.4533,3540
2016-02-29 11:47:59.461,180.1106,3416
2016-02-29 11:47:59.548,178.5682,3609
2016-02-29 11:48:08.397,178.4272,521
2016-02-29 11:48:17.283,180.16,1906
2016-02-29 11:48:21.491,178.4677,3321
2016-02-29 11:48:24.128,177.3044,2141
2016-02-29 11:48:32.605,177.446,440
2016-02-29 11:48:42.201,179.1794,2267
2016-02-29 11:48:49.478,178.1898,3371
2016-02-29 11:48:53.113,178.7335,1181
2016-02-29 11:48:54.827,178.4734,1974
2016-02-29 11:48:58.401,177.6709,2876
2016-02-29 11:49:08.035,177.0448,2315
2016-02-29 11:49:17.598,176.2574,3268
2016-02-29 11:49:21.530,175.057,826
2016-02-29 11:49:22.626,176.1822,1196
2016-02-29 11:49:29.181,177.9415,3532
2016-02-29 11:49:38.422,177.7402,339
2016-02-29 11:49:41.558,179.5047,4517
2016-02-29 11:49:44.845,181.2748,2538
2016-02-29 11:49:53.350,179.9428,3272
2016-02-29 11:49:55.585,179.4304,4452
2016-02-29 11:49:59.664,178.8333,3820
2016-02-29 11:50:00.383,180.2157,503
2016-02-29 11:50:07.625,179.637,1566
2016-02-29 11:50:17.193,179.346,1296
2016-02-29 11:50:23.630,179.1666,4382
2016-02-29 11:50:27.828,179.9914,3152
2016-02-29 11:50:36.264,180.6405,1422
2016-02-29 11:50:41.397,178.8884,4253
2016-02-29 11:50:46.134,177.6205,1642
2016-02-29 11:50:48.221,177.6192,1398
2016-02-29 11:50:52.774,179.135,1454
2016-02-29 11:50:59.880,179.9853,1770
2016-02-29 11:51:09.294,181.4238,575
2016-02-29 11:51:10.524,181.0549,3617
2016-02-29 11:51:20.362,179.9877,1415
2016-02-29 11:51:26.972,179.5418,3686
2016-02-29 11:51:32.031,178.7409,1593
2016-02-29 11:51:41.695,179.4078,2943
2016-02-29 11:51:44.182,178.1928,1942
2016-02-29 11:51:48.980,178.099,746
2016-02-29 11:51:53.662,179.597,3059
2016-02-29 11:51:59.679,181.3472,4242
2016-02-29 11:51:59.934,181.5179,517
2016-02-29 11:52:08.744,183.231,2724
2016-02-29 11:52:17.453,184.7395,99
2016-02-29 11:52:23.698,183.0142,1359
2016-02-29 11:52:24.673,184.2164,160
2016-02-29 11:52:27.985,183.8319,484
2016-02-29 11:52:30.701,183.5129,3364
2016-02-29 11:52:40.048,183.7602,4740
2016-02-29 11:52:47.023,183.0574,441
2016-02-29 11:52:54.803,182.9057,866
2016-02-29 11:53:04.452,182.3869,2310
2016-02-29 11:53:11.062,180.8095,1123
2016-02-29 11:53:14.601,182.5973,3577
2016-02-29 11:53:18.726,182.6353,4531
2016-02-29 11:53:26.197,182.0926,3555
2016-02-29 11:53:33.048,181.1304,131
2016-02-29 11:53:34.324,181.7206,1673
2016-02-29 11:53:42.592,182.624,2572
2016-02-29 11:53:45.443,181.2881,3769
2016-02-29 11:53:54.935,179.7858,3101
2016-02-29 11:54:01.029,179.8873,4248
2016-02-29 11:54:08.973,181.0942,2038
2016-02-29 11:54:11.233,182.6758,3427
2016-02-29 11:54:17.834,182.8051,1148
2016-02-29 11:54:17.973,181.2502,2634
2016-02-29 11:54:20.782,182.6994,1988
2016-02-29 11:54:25.398,183.7832,4466
2016-02-29 11:54:25.420,182.9842,4082
2016-02-29 11:54:30.107,184.3395,1734
2016-02-29 11:54:35.265,183.5509,2419
2016-02-29 11:54:39.872,182.2787,1483
2016-02-29 11:54:41.191,182.1827,3390
2016-02-29 11:54:50.355,183.0776,2426
2016-02-29 11:54:52.208,181.5302,528
2016-02-29 11:54:53.792,180.5415,3191
2016-02-29 11:55:01.243,182.3143,4802
2016-02-29 11:55:07.279,183.5276,4401
2016-02-29 11:55:14.912,183.6977,3477
2016-02-29 11:55:22.883,184.1085,1772
2016-02-29 11:55:27.802,182.2966,4642
2016-02-29 11:55:32.100,180.9193,848
2016-02-29 11:55:36.194,182.1503,2859
2016-02-29 11:55:39.117,181.5674,2975
2016-02-29 11:55:43.390,180.0059,1870
2016-02-29 11:55:46.885,180.5002,882
2016-02-29 11:55:54.693,179.7505,157
2016-02-29 11:55:59.762,181.5386,901
2016-02-29 11:56:00.134,182.7974,4770
2016-02-29 11:56:05.211,181.1411,2591
2016-02-29 11:56:08.893,182.2362,166
2016-02-29 11:56:11.863,181.8239,2631
2016-02-29 11:56:16.839,180.6867,4856
2016-02-29 11:56:17.077,179.2034,4319
2016-02-29 11:56:24.393,179.0144,1950
2016-02-29 11:56:28.091,178.0567,4536
2016-02-29 11:56:31.979,176.6265,3424
2016-02-29 11:56:32.591,176.6909,2378
2016-02-29 11:56:33.270,177.1401,3280
2016-02-29 11:56:38.175,176.0579,2081
2016-02-29 11:56:46.143,175.1842,3564
2016-02-29 11:56:46.465,174.3454,3338
2016-02-29 11:56:51.186,175.9483,2299
2016-02-29 11:56:52.997,174.7357,1256
2016-02-29 11:56:56.361,173.3229,1619
2016-02-29 11:57:02.788,172.688,2812
2016-02-29 11:57:07.371,172.4542,2993
2016-02-29 11:57:07.459,173.8998,3609
2016-02-29 11:57:16.357,174.0043,3611
2016-02-29 11:57:19.842,173.0643,4664
2016-02-29 11:57:21.427,172.5871,3652
2016-02-29 11:57:30.372,173.9722,757
2016-02-29 11:57:37.771,172.3964,3481
2016-02-29 11:57:39.719,173.3636,30
2016-02-29 11:57:44.014,171.9938,1438
2016-02-29 11:57:44.824,170.9166,1818
2016-02-29 11:57:51.917,171.2753,4729
2016-02-29 11:58:00.282,170.8513,3315
2016-02-29 11:58:08.151,169.4179,1441
2016-02-29 11:58:16.590,168.3141,4734
2016-02-29 11:58:25.747,168.0906,4672
2016-02-29 11:58:30.952,168.7317,14
2016-02-29 11:58:33.416,169.0552,3286
2016-02-29 11:58:36.320,168.6112,1936
2016-02-29 11:58:39.871,169.3368,754
2016-02-29 11:58:49.732,170.9061,3322
2016-02-29 11:58:50.686,170.2861,971
2016-02-29 11:58:54.636,170.9663,3397
2016-02-29 11:59:01.588,171.4336,3658
2016-02-29 11:59:07.767,172.3129,1390
2016-02-29 11:59:09.683,172.4225,2251
2016-02-29 11:59:13.242,172.9705,2102
2016-02-29 11:59:17.511,173.9977,3969
2016-02-29 11:59:22.899,175.6649,542
2016-02-29 11:59:26.530,175.0869,3931
2016-02-29 11:59:32.677,173.3627,4418
2016-02-29 11:59:38.816,173.9452,4187
2016-02-29 11:59:39.646,174.0002,3925
2016-02-29 11:59:47.099,175.5812,3031
2016-02-29 11:59:49.144,175.3221,3790
2016-02-29 11:59:54.747,175.0484,1619
2016-02-29 11:59:55.172,174.4699,2882
2016-02-29 11:59:57.219,172.8601,2804
2016-02-29 12:00:01.960,171.8528,1028
2016-02-29 12:00:07.656,171.5518,4940
2016-02-29 12:00:14.202,172.1353,3131
2016-02-29 12:00:14.256,171.8644,734
2016-02-29 12:00:22.375,172.4601,4849
2016-02-29 12:00:30.212,172.4732,4871
2016-02-29 12:00:37.517,173.4707,309
2016-02-29 12:00:42.804,172.1357,4208
2016-02-29 12:00:50.801,173.3281,2379
2016-02-29 12:00:59.001,175.0585,741
2016-02-29 12:00:59.151,174.7737,1415
2016-02-29 12:01:07.501,176.3054,2869
2016-02-29 12:01:10.117,177.0007,1579
2016-02-29 12:01:17.642,178.2048,3419
2016-02-29 12:01:21.436,177.3584,2018
2016-02-29 12:01:30.168,177.8593,2311
2016-02-29 12:01:32.686,177.5684,4133
2016-02-29 12:01:33.091,178.1981,2073
2016-02-29 12:01:37.181,176.673,205
2016-02-29 12:01:45.106,176.4351,931
2016-02-29 12:01:55.071,177.356,1498
2016-02-29 12:02:04.203,175.7448,1879
2016-02-29 12:02:13.339,174.3448,395
2016-02-29 12:02:21.487,172.8708,2739
2016-02-29 12:02:22.746,172.8614,345
2016-02-29 12:02:24.471,171.7287,190
2016-02-29 12:02:25.854,172.4771,1804
2016-02-29 12:02:29.243,171.8665,114
2016-02-29 12:02:37.590,172.4876,3759
2016-02-29 12:02:39.010,173.7823,389
2016-02-29 12:02:45.089,173.9384,1743
2016-02-29 12:02:52.289,173.8605,3232
2016-02-29 12:02:57.466,174.4586,1799
2016-02-29 12:02:59.075,176.1147,2705
2016-02-29 12:03:08.967,174.8504,3427
2016-02-29 12:03:15.067,176.2559,2034
2016-02-29 12:03:20.313,176.4278,3498
2016-02-29 12:03:29.147,175.1779,735
2016-02-29 12:03:32.051,176.566,192
2016-02-29 12:03:38.628,176.9205,858
2016-02-29 12:03:40.567,178.0554,1288
2016-02-29 12:03:45.653,178.8728,992
2016-02-29 12:03:52.941,180.4591,3618
2016-02-29 12:04:01.740,179.5397,787
2016-02-29 12:04:04.349,180.3191,1431
2016-02-29 12:04:11.602,178.6665,3122
2016-02-29 12:04:17.116,179.9262,1810
2016-02-29 12:04:17.251,178.5855,145
2016-02-29 12:04:25.985,177.0002,3254
2016-02-29 12:04:35.081,177.7647,230
2016-02-29 12:04:37.943,178.5655,1927
2016-02-29 12:04:44.492,180.1903,2760
2016-02-29 12:04:48.749,181.2031,704
2016-02-29 12:04:50.217,182.6215,848
2016-02-29 12:04:54.393,181.1964,1305
2016-02-29 12:05:02.277,180.2638,1324
2016-02-29 12:05:11.865,180.8794,480
2016-02-29 12:05:20.803,182.2026,4506
2016-02-29 12:05:21.778,183.3986,4422
2016-02-29 12:05:22.999,184.6359,799
2016-02-29 12:05:29.867,185.8738,1096
2016-02-29 12:05:35.914,186.6278,1219
2016-02-29 12:05:40.764,186.8284,4502
2016-02-29 12:05:48.974,186.4807,1741
2016-02-29 12:05:54.807,187.914,4321
2016-02-29 12:05:56.515,188.9461,2801
2016-02-29 12:06:00.422,187.1496,1290
2016-02-29 12:06:02.956,189.0042,2130
2016-02-29 12:06:04.547,187.6774,3007
2016-02-29 12:06:07.352,189.1287,2673
2016-02-29 12:06:13.529,189.5278,1149
2016-02-29 12:06:21.675,191.1651,4475
2016-02-29 12:06:23.416,190.1205,5
2016-02-29 12:06:31.467,191.1735,3285
2016-02-29 12:06:40.507,190.9951,3158
2016-02-29 12:06:48.822,191.6814,108
2016-02-29 12:06:58.330,192.0523,4693
2016-02-29 12:07:06.666,191.7552,4364
2016-02-29 12:07:16.503,190.9133,275
2016-02-29 12:07:22.434,189.8252,1474
2016-02-29 12:07:31.155,190.6851,3808
2016-02-29 12:07:33.490,192.51,1991
2016-02-29 12:07:39.682,194.3608,3105
2016-02-29 12:07:46.439,195.3507,1073
2016-02-29 12:07:51.255,194.5917,4735
2016-02-29 12:07:59.463,194.0639,2140
2016-02-29 12:08:01.822,195.5972,251
2016-02-29 12:08:08.485,194.5791,2024
2016-02-29 12:08:13.530,195.7404,3390
2016-02-29 12:08:17.616,196.9972,3249
2016-02-29 12:08:26.336,196.4077,2771
2016-02-29 12:08:34.040,197.6665,1886
2016-02-29 12:08:41.481,198.5127,2303
2016-02-29 12:08:46.031,196.5757,422
2016-02-29 12:08:46.617,196.7087,894
2016-02-29 12:08:54.384,198.1388,3842
2016-02-29 12:09:02.114,197.5197,2092
2016-02-29 12:09:12.028,198.9285,1795
2016-02-29 12:09:15.600,198.6788,3919
2016-02-29 12:09:22.505,197.6102,4421
2016-02-29 12:09:25.500,198.5811,610
2016-02-29 12:09:32.531,196.6511,4376
2016-02-29 12:09:38.718,197.3617,4897
2016-02-29 12:09:47.823,195.6437,90
2016-02-29 12:09:57.008,196.207,4685
2016-02-29 12:09:59.915,196.6045,4960
2016-02-29 12:10:04.025,196.9439,966
2016-02-29 12:10:05.632,195.6788,3370
2016-02-29 12:10:10.269,196.0464,1990
2016-02-29 12:10:11.613,196.4196,4958
2016-02-29 12:10:18.210,197.7069,4847
2016-02-29 12:10:23.786,199.5012,3233
2016-02-29 12:10:27.516,200.6025,1263
2016-02-29 12:10:32.613,201.7162,2325
2016-02-29 12:10:38.440,202.042,1501
2016-02-29 12:10:41.030,201.7096,1141
2016-02-29 12:10:46.584,202.6333,2720
2016-02-29 12:10:49.547,200.6564,1933
2016-02-29 12:10:58.425,199.8852,1827
2016-02-29 12:11:03.346,201.492,37
2016-02-29 12:11:07.798,202.8856,2139
2016-02-29 12:11:09.816,201.2163,4325
2016-02-29 12:11:12.763,200.9939,3544
2016-02-29 12:11:15.750,200.928,4551
2016-02-29 12:11:19.302,202.1775,1363
2016-02-29 12:11:22.456,204.0239,1916
2016-02-29 12:11:28.580,203.2281,2791
2016-02-29 12:11:28.927,201.3953,1833
2016-02-29 12:11:32.219,201.9898,3992
2016-02-29 12:11:39.429,200.416,4887
2016-02-29 12:11:40.977,198.5277,3044
2016-02-29 12:11:47.365,199.5828,3075
2016-02-29 12:11:55.448,198.5511,3697
2016-02-29 12:11:55.633,197.8225,790
2016-02-29 12:11:57.679,199.7403,3143
2016-02-29 12:12:01.561,200.2614,4353
2016-02-29 12:12:08.644,202.1153,4514
2016-02-29 12:12:12.925,201.1073,4811
2016-02-29 12:12:13.560,201.3941,4583
2016-02-29 12:12:15.724,201.269,86
2016-02-29 12:12:22.619,201.1227,3309
2016-02-29 12:12:28.910,200.7066,2242
2016-02-29 12:12:29.891,201.8761,2424
2016-02-29 12:12:31.689,203.0558,2488
2016-02-29 12:12:41.296,201.1822,396
2016-02-29 12:12:47.903,201.7187,2789
2016-02-29 12:12:53.386,200.6933,4899
2016-02-29 12:13:02.906,202.1575,1000
2016-02-29 12:13:07.755,201.4607,3983
2016-02-29 12:13:12.411,201.9565,3872
2016-02-29 12:13:17.567,200.3585,3884
2016-02-29 12:13:20.202,202.2153,4461
2016-02-29 12:13:26.198,200.9397,2734
2016-02-29 12:13:31.222,200.8016,1353
2016-02-29 12:13:37.158,202.2071,3808
2016-02-29 12:13:38.174,202.2629,2303
2016-02-29 12:13:48.116,201.2395,1357
2016-02-29 12:13:50.682,200.4986,3741
2016-02-29 12:13:54.767,200.3308,1086
2016-02-29 12:14:01.461,200.1895,279
2016-02-29 12:14:03.447,202.071,2826
2016-02-29 12:14:08.035,203.2346,1310
2016-02-29 12:14:11.153,203.8408,4930
2016-02-29 12:14:14.541,203.0264,1125
2016-02-29 12:14:21.472,202.2847,768
2016-02-29 12:14:27.066,203.4283,438
2016-02-29 12:14:36.394,202.4233,3283
2016-02-29 12:14:40.560,203.6149,1030
2016-02-29 12:14:46.263,204.3026,4341
2016-02-29 12:14:55.581,205.1652,4155
2016-02-29 12:15:02.784,204.046,1564
2016-02-29 12:15:11.585,204.2191,4417
2016-02-29 12:15:13.340,202.63,2557
2016-02-29 12:15:20.930,201.2742,3016
2016-02-29 12:15:21.205,199.6369,1768
2016-02-29 12:15:28.930,199.2299,2778
2016-02-29 12:15:38.909,199.2328,53
2016-02-29 12:15:47.584,200.1303,4905
2016-02-29 12:15:54.212,200.9666,4835
2016-02-29 12:15:56.973,201.6868,4205
2016-02-29 12:15:57.206,202.9292,4746
2016-02-29 12:15:58.900,201.1072,1462
2016-02-29 12:16:07.897,200.732,4343
2016-02-29 12:16:10.213,202.3042,1542
2016-02-29 12:16:11.849,201.8236,3571
2016-02-29 12:16:19.970,203.7419,755
2016-02-29 12:16:26.392,205.2011,4397
2016-02-29 12:16:32.984,205.767,1670
2016-02-29 12:16:39.401,204.792,1080
2016-02-29 12:16:45.447,206.3537,388
2016-02-29 12:16:47.891,205.4592,2067
2016-02-29 12:16:47.991,204.6184,3034
2016-02-29 12:16:55.187,204.3091,2426
2016-02-29 12:17:01.767,203.3902,3148
2016-02-29 12:17:06.943,201.5341,645
2016-02-29 12:17:16.668,202.3817,906
2016-02-29 12:17:24.493,203.2418,363
2016-02-29 12:17:29.662,204.4496,4481
2016-02-29 12:17:32.166,206.4328,607
2016-02-29 12:17:39.234,205.2302,260
2016-02-29 12:17:42.153,206.3193,2859
2016-02-29 12:17:52.106,208.068,2212
2016-02-29 12:17:54.458,207.5648,2825
2016-02-29 12:17:56.544,207.1834,4890
2016-02-29 12:18:00.733,205.3453,3349
2016-02-29 12:18:04.390,203.818,4025
2016-02-29 12:18:11.040,205.5943,637
2016-02-29 12:18:13.085,204.2115,511
2016-02-29 12:18:20.601,204.1008,3366
2016-02-29 12:18:28.797,202.7818,3455
2016-02-29 12:18:36.027,204.3964,2330
2016-02-29 12:18:45.868,203.4933,853
2016-02-29 12:18:54.463,203.5859,2564
2016-02-29 12:18:57.520,203.7922,1650
2016-02-29 12:19:04.288,202.3652,3875
2016-02-29 12:19:08.743,203.2738,829
2016-02-29 12:19:09.368,204.0333,496
2016-02-29 12:19:16.348,204.4193,3602
2016-02-29 12:19:20.970,204.4224,3512
2016-02-29 12:19:27.896,204.5256,2914
2016-02-29 12:19:37.389,204.1237,3504
2016-02-29 12:19:44.687,204.2432,1435
2016-02-29 12:19:51.498,205.0494,2795
2016-02-29 12:20:00.294,204.8246,1469
2016-02-29 12:20:00.674,203.1877,877
2016-02-29 12:20:09.411,203.5836,3531
2016-02-29 12:20:11.306,205.4953,1015
2016-02-29 12:20:18.958,203.4752,4
2016-02-29 12:20:23.995,203.321,3327
2016-02-29 12:20:26.120,201.6842,2386
2016-02-29 12:20:30.238,202.9589,4156
2016-02-29 12:20:32.384,201.6561,3333
2016-02-29 12:20:38.291,203.4084,2378
2016-02-29 12:20:38.832,204.1503,2320
2016-02-29 12:20:42.939,202.7737,3239
2016-02-29 12:20:52.131,201.8575,782
2016-02-29 12:20:59.153,201.6968,299
2016-02-29 12:21:07.778,203.5299,3853
2016-02-29 12:21:12.280,203.5543,2730
2016-02-29 12:21:19.508,205.5222,831
2016-02-29 12:21:23.892,203.5071,1808
2016-02-29 12:21:25.622,204.403,2878
2016-02-29 12:21:30.776,204.1942,2024
2016-02-29 12:21:39.953,205.931,4610
2016-02-29 12:21:46.444,204.5245,2400
2016-02-29 12:21:50.274,203.5615,447
2016-02-29 12:21:50.544,201.7141,1236
2016-02-29 12:21:51.654,199.7056,1273
2016-02-29 12:21:57.768,198.0233,2095
2016-02-29 12:22:06.640,198.4873,2900
2016-02-29 12:22:09.205,197.5784,3741
2016-02-29 12:22:18.767,199.3164,2791
2016-02-29 12:22:21.978,198.9221,3179
2016-02-29 12:22:28.601,197.9085,2774
2016-02-29 12:22:35.485,196.7474,1938
2016-02-29 12:22:42.311,197.1566,185
2016-02-29 12:22:47.817,197.5096,3001
2016-02-29 12:22:54.237,196.8783,4123
2016-02-29 12:22:54.356,198.142,3584
2016-02-29 12:22:58.337,197.8693,4397
2016-02-29 12:23:01.992,196.0437,2168
2016-02-29 12:23:05.571,195.9716,2939
2016-02-29 12:23:12.364,195.0525,1503
2016-02-29 12:23:19.458,196.5886,3267
2016-02-29 12:23:25.238,197.9335,917
2016-02-29 12:23:29.954,196.5519,3538
2016-02-29 12:23:32.135,198.0392,2448
2016-02-29 12:23:39.322,199.8085,1603
2016-02-29 12:23:45.881,198.8526,4871
2016-02-29 12:23:48.508,200.4578,1696
2016-02-29 12:23:55.170,201.6224,4404
2016-02-29 12:23:57.320,201.2637,2304
2016-02-29 12:23:59.095,200.3264,977
2016-02-29 12:24:04.833,200.2538,2995
2016-02-29 12:24:12.973,201.5914,4471
2016-02-29 12:24:21.582,202.1363,4803
2016-02-29 12:24:25.692,201.6352,4379
2016-02-29 12:24:35.139,200.0726,4712
2016-02-29 12:24:38.610,199.2263,3477
2016-02-29 12:24:47.962,201.1841,4248
2016-02-29 12:24:50.267,200.8633,2186
2016-02-29 12:24:55.790,201.248,3306
2016-02-29 12:24:59.007,202.652,617
2016-02-29 12:25:03.230,201.0066,1635
2016-02-29 12:25:11.074,199.1488,4016
2016-02-29 12:25:16.471,197.4001,2490
2016-02-29 12:25:19.503,196.9791,3648
2016-02-29 12:25:26.421,195.9657,2486
2016-02-29 12:25:33.477,197.5436,802
2016-02-29 12:25:40.617,199.0939,3284
2016-02-29 12:25:45.215,197.5201,2033
2016-02-29 12:25:51.000,197.0834,827
2016-02-29 12:25:57.272,198.7434,2125
2016-02-29 12:26:03.741,197.1175,2688
2016-02-29 12:26:08.081,195.7963,3826
2016-02-29 12:26:09.983,194.517,3444
2016-02-29 12:26:13.086,196.4588,4051
2016-02-29 12:26:20.754,197.5284,3893
2016-02-29 12:26:21.449,197.4768,4056
2016-02-29 12:26:30.761,199.339,4114
2016-02-29 12:26:39.366,200.2699,1126
2016-02-29 12:26:40.732,199.6607,3070
2016-02-29 12:26:42.846,198.651,4663
2016-02-29 12:26:44.899,198.1319,1882
2016-02-29 12:26:45.958,199.9875,3899
2016-02-29 12:26:55.819,201.2817,1728
2016-02-29 12:27:01.913,202.9761,1483
2016-02-29 12:27:04.027,202.6672,3451
2016-02-29 12:27:06.296,202.3554,1443
2016-02-29 12:27:12.028,202.1407,4785
2016-02-29 12:27:16.017,201.037,1487
2016-02-29 12:27:18.117,202.1323,1980
2016-02-29 12:27:26.964,203.1514,3436
2016-02-29 12:27:36.741,204.0751,2719
2016-02-29 12:27:38.130,202.1614,626
2016-02-29 12:27:40.929,201.0027,2802
2016-02-29 12:27:46.588,202.5645,2923
2016-02-29 12:27:53.200,203.9412,3324
2016-02-29 12:28:02.581,205.7132,1562
2016-02-29 12:28:06.229,206.5407,3784
2016-02-29 12:28:15.058,206.797,4897
2016-02-29 12:28:22.904,208.5482,483
2016-02-29 12:28:30.720,207.5935,3773
2016-02-29 12:28:39.146,205.6559,4531
2016-02-29 12:28:40.458,204.3021,2093
2016-02-29 12:28:44.223,204.0434,2228
2016-02-29 12:28:50.752,202.8087,1946
2016-02-29 12:28:54.072,203.7905,1320
2016-02-29 12:28:55.987,203.7786,3650
2016-02-29 12:29:02.560,204.7358,2921
2016-02-29 12:29:08.877,204.1163,2090
2016-02-29 12:29:14.816,202.6855,4083
2016-02-29 12:29:16.861,204.0337,1935
2016-02-29 12:29:18.695,204.2192,1408
2016-02-29 12:29:26.031,203.7165,1759
2016-02-29 12:29:29.765,203.1212,3981
2016-02-29 12:29:33.998,204.4662,3024
2016-02-29 12:29:34.694,202.7054,2399
2016-02-29 12:29:35.000,201.0026,2792
2016-02-29 12:29:42.705,199.0323,2285
2016-02-29 12:29:45.627,200.3948,2609
2016-02-29 12:29:46.251,199.9044,250
2016-02-29 12:29:50.969,201.3723,1950
2016-02-29 12:29:57.753,203.296,1726
2016-02-29 12:30:03.191,202.9475,1753
2016-02-29 12:30:05.765,204.0053,1289
2016-02-29 12:30:13.756,201.9989,100
2016-02-29 12:30:16.986,202.8083,2167
2016-02-29 12:30:23.066,203.6811,3676
2016-02-29 12:30:31.223,202.1234,4050
2016-02-29 12:30:34.233,203.4035,1911
2016-02-29 12:30:39.983,201.7356,346
2016-02-29 12:30:41.510,203.5023,749
2016-02-29 12:30:48.048,202.8663,1037
2016-02-29 12:30:54.751,204.6187,2608
2016-02-29 12:31:04.539,204.23,482
2016-02-29 12:31:04.614,205.5163,4716
2016-02-29 12:31:05.536,206.8558,1894
2016-02-29 12:31:10.443,205.2271,4001
2016-02-29 12:31:12.144,203.3987,1953
2016-02-29 12:31:20.185,202.6282,4842
2016-02-29 12:31:26.423,201.3877,2773
2016-02-29 12:31:32.144,199.7865,639
2016-02-29 12:31:40.364,200.8195,2321
2016-02-29 12:31:40.443,202.5502,3772
2016-02-29 12:31:48.410,201.7174,3725
2016-02-29 12:31:52.168,200.6268,231
2016-02-29 12:31:56.938,202.136,2048
2016-02-29 12:32:03.661,204.0755,4269
2016-02-29 12:32:05.655,202.8797,910
2016-02-29 12:32:14.617,201.996,924
2016-02-29 12:32:18.033,200.9141,3857
2016-02-29 12:32:20.046,201.73,2062
2016-02-29 12:32:23.394,202.264,1103
2016-02-29 12:32:32.245,203.2689,2135
2016-02-29 12:32:39.033,204.2241,4862
2016-02-29 12:32:44.507,204.1013,1989
2016-02-29 12:32:49.796,203.7319,2588
2016-02-29 12:32:57.271,203.9718,2704
2016-02-29 12:33:03.347,203.4918,4775
2016-02-29 12:33:12.682,203.4266,3694
2016-02-29 12:33:19.003,202.1901,466
2016-02-29 12:33:27.582,201.0177,4655
2016-02-29 12:33:31.356,199.8659,1090
2016-02-29 12:33:39.360,200.1751,3028
2016-02-29 12:33:48.640,199.4931,2247
2016-02-29 12:33:53.291,199.279,435
2016-02-29 12:33:55.415,200.8827,1904
2016-02-29 12:33:56.850,201.2072,889
2016-02-29 12:34:02.630,200.9774,4525
2016-02-29 12:34:10.133,200.5237,628
2016-02-29 12:34:13.151,200.5096,4077
2016-02-29 12:34:13.256,200.3296,1781
2016-02-29 12:34:22.786,200.3455,818
2016-02-29 12:34:30.556,198.6615,1071
2016-02-29 12:34:34.796,197.6006,2916
2016-02-29 12:34:43.266,199.0268,4310
2016-02-29 12:34:48.760,198.5019,2499
2016-02-29 12:34:58.158,199.2134,4394
2016-02-29 12:35:02.353,197.3256,1788
2016-02-29 12:35:03.024,195.6169,1510
2016-02-29 12:35:03.240,195.8109,1835
2016-02-29 12:35:11.771,196.8345,4863
2016-02-29 12:35:20.994,196.5729,361
2016-02-29 12:35:30.905,196.731,1680
2016-02-29 12:35:39.768,198.2079,3022
2016-02-29 12:35:44.647,196.5143,2234
2016-02-29 12:35:51.709,198.4532,84
2016-02-29 12:35:53.379,196.696,4461
2016-02-29 12:36:01.940,198.2958,1556
2016-02-29 12:36:02.832,196.455,2021
2016-02-29 12:36:08.642,194.808,830
2016-02-29 12:36:17.926,194.4874,2952
2016-02-29 12:36:21.490,193.9333,856
2016-02-29 12:36:26.951,192.4284,1799
2016-02-29 12:36:27.755,193.4445,4438
2016-02-29 12:36:27.948,194.0809,2068
2016-02-29 12:36:30.384,195.6922,2611
2016-02-29 12:36:32.325,197.2051,1064
2016-02-29 12:36:35.225,195.7065,674
2016-02-29 12:36:37.081,197.2664,4399
2016-02-29 12:36:38.857,198.1022,770
2016-02-29 12:36:38.971,196.2864,2194
2016-02-29 12:36:47.020,196.632,1674
2016-02-29 12:36:48.148,197.6776,4693
2016-02-29 12:36:57.040,196.2359,3890
2016-02-29 12:36:58.848,194.2974,2812
2016-02-29 12:37:08.141,192.398,916
2016-02-29 12:37:08.681,192.1035,1343
2016-02-29 12:37:12.106,190.4875,3855
2016-02-29 12:37:14.798,190.322,4113
2016-02-29 12:37:20.458,190.7088,4495
2016-02-29 12:37:28.947,191.533,1474
2016-02-29 12:37:31.074,190.3676,835
2016-02-29 12:37:41.002,190.41,2382
2016-02-29 12:37:47.775,189.5135,1363
2016-02-29 12:37:56.357,191.2025,2103
2016-02-29 12:38:01.751,189.4576,488
2016-02-29 12:38:08.545,188.192,914
2016-02-29 12:38:09.865,186.6855,147
2016-02-29 12:38:15.301,185.4854,3494
2016-02-29 12:38:22.129,183.8196,2162
2016-02-29 12:38:27.682,183.1967,3639
2016-02-29 12:38:30.954,181.9816,1312
2016-02-29 12:38:32.145,183.0921,4719
2016-02-29 12:38:40.618,183.8419,2361
2016-02-29 12:38:48.978,182.1272,2872
2016-02-29 12:38:51.270,182.6385,2897
2016-02-29 12:38:52.752,181.348,3585
2016-02-29 12:38:58.564,181.8357,3729
2016-02-29 12:39:06.846,180.0454,437
2016-02-29 12:39:07.770,178.452,2535
2016-02-29 12:39:13.585,179.4321,1282
2016-02-29 12:39:17.694,178.1754,2486
2016-02-29 12:39:26.709,178.3797,4828
2016-02-29 12:39:35.604,177.3387,2544
2016-02-29 12:39:39.859,176.7542,4860
2016-02-29 12:39:43.439,178.2709,4025
2016-02-29 12:39:45.026,177.7846,921
2016-02-29 12:39:52.754,177.6566,1344
2016-02-29 12:39:55.680,178.2396,4757
2016-02-29 12:39:55.972,178.6588,3360
2016-02-29 12:39:59.449,176.9029,2497
2016-02-29 12:40:02.666,177.4858,4183
2016-02-29 12:40:04.627,178.6748,4449
2016-02-29 12:40:14.174,178.1348,4596
2016-02-29 12:40:18.367,177.8393,3477
2016-02-29 12:40:24.163,177.0795,3126
2016-02-29 12:40:28.128,175.8308,1038
2016-02-29 12:40:35.881,177.3997,1803
2016-02-29 12:40:38.600,177.7994,4420
2016-02-29 12:40:44.605,176.9991,477
2016-02-29 12:40:51.503,177.1502,1670
2016-02-29 12:40:58.853,177.986,1331
2016-02-29 12:41:06.683,176.5912,3877
2016-02-29 12:41:08.696,177.9262,1214
2016-02-29 12:41:14.125,179.0621,2928
2016-02-29 12:41:23.627,177.5236,1870
2016-02-29 12:41:32.180,178.2837,347
2016-02-29 12:41:40.527,179.9169,3895
2016-02-29 12:41:48.772,179.3268,4076
2016-02-29 12:41:58.611,179.2142,689
2016-02-29 12:42:06.473,178.5401,4315
2016-02-29 12:42:07.046,179.2227,4442
2016-02-29 12:42:08.834,178.7927,4221
2016-02-29 12:42:11.994,178.6451,1565
2016-02-29 12:42:20.093,178.531,2024
2016-02-29 12:42:29.977,178.9047,3997
2016-02-29 12:42:32.018,179.9007,510
2016-02-29 12:42:36.915,179.184,1760
2016-02-29 12:42:38.614,179.2099,3240
2016-02-29 12:42:43.896,177.8149,3207
2016-02-29 12:42:53.756,176.2061,3055
2016-02-29 12:42:54.080,174.6762,2836
2016-02-29 12:43:02.346,176.1689,1651
2016-02-29 12:43:09.306,175.506,3209
2016-02-29 12:43:15.693,175.5572,1833
2016-02-29 12:43:19.039,176.065,4097
2016-02-29 12:43:24.619,177.3172,4018
2016-02-29 12:43:25.270,176.8325,4476
2016-02-29 12:43:27.746,177.8303,1591
2016-02-29 12:43:28.530,177.8013,2883
2016-02-29 12:43:28.641,177.1633,2493
2016-02-29 12:43:29.393,176.3077,1431
2016-02-29 12:43:37.289,177.0177,4480
2016-02-29 12:43:38.322,177.4243,755
2016-02-29 12:43:44.932,177.139,4434
2016-02-29 12:43:47.101,175.4185,2988
2016-02-29 12:43:56.527,176.8758,4002
2016-02-29 12:43:57.261,176.8939,1986
2016-02-29 12:44:04.774,178.0213,3960
2016-02-29 12:44:14.611,178.3031,4253
2016-02-29 12:44:18.104,178.3998,3438
2016-02-29 12:44:28.051,177.5676,1787
2016-02-29 12:44:37.084,178.4958,804
2016-02-29 12:44:42.513,178.4786,3482
2016-02-29 12:44:42.983,180.2458,2576
2016-02-29 12:44:44.078,181.9085,4647
2016-02-29 12:44:45.418,180.5559,2634
2016-02-29 12:44:55.085,180.0596,4162
2016-02-29 12:45:02.105,178.7586,1823
2016-02-29 12:45:04.819,179.8258,472
2016-02-29 12:45:14.269,180.5863,3611
2016-02-29 12:45:22.784,180.5409,2027
2016-02-29 12:45:27.305,180.0028,1663
2016-02-29 12:45:32.883,180.3101,814
2016-02-29 12:45:40.601,181.2573,4060
2016-02-29 12:45:41.467,180.2421,1755
2016-02-29 12:45:42.991,180.2811,1720
2016-02-29 12:45:45.531,179.329,2830
2016-02-29 12:45:49.177,179.4197,4440
2016-02-29 12:45:58.723,179.0677,4472
2016-02-29 12:45:59.418,179.3893,3064
2016-02-29 12:46:09.333,178.6655,70
2016-02-29 12:46:09.754,177.486,290
2016-02-29 12:46:11.206,177.8836,1339
2016-02-29 12:46:17.487,178.5935,1190
2016-02-29 12:46:17.502,179.085,4967
2016-02-29 12:46:24.160,178.1958,4295
2016-02-29 12:46:28.778,179.3591,291
2016-02-29 12:46:31.734,177.8162,58
2016-02-29 12:46:37.498,178.7097,158
2016-02-29 12:46:45.466,179.937,2542
2016-02-29 12:46:49.597,181.3323,2441
2016-02-29 12:46:49.943,182.1063,42
2016-02-29 12:46:55.552,181.5375,3922
2016-02-29 12:46:59.602,180.8468,1893
2016-02-29 12:47:02.636,182.4312,467
2016-02-29 12:47:10.597,181.8377,1788
2016-02-29 12:47:14.308,180.9765,2706
2016-02-29 12:47:20.081,181.1108,1765
2016-02-29 12:47:23.913,182.1977,1649
2016-02-29 12:47:29.411,182.9909,4917
2016-02-29 12:47:34.173,181.684,1551
2016-02-29 12:47:35.021,182.1047,1977
2016-02-29 12:47:43.236,180.5536,270
2016-02-29 12:47:44.895,179,1919
2016-02-29 12:47:46.650,177.2811,3970
2016-02-29 12:47:50.465,177.3736,1226
2016-02-29 12:47:56.539,178.76,1503
2016-02-29 12:48:01.160,177.1469,4153
2016-02-29 12:48:09.092,178.5063,755
2016-02-29 12:48:18.762,178.4374,1052
2016-02-29 12:48:20.832,178.9973,633
2016-02-29 12:48:22.079,177.9454,803
2016-02-29 12:48:26.236,176.8971,2180
2016-02-29 12:48:27.694,177.8979,1063
2016-02-29 12:48:28.629,179.5856,2738
2016-02-29 12:48:30.739,180.1789,3102
2016-02-29 12:48:39.379,181.437,705
2016-02-29 12:48:45.068,180.2393,2057
2016-02-29 12:48:47.537,181.9235,2361
2016-02-29 12:48:50.142,182.6168,3287
2016-02-29 12:48:50.218,183.7978,1572
2016-02-29 12:48:58.786,185.2291,3686
2016-02-29 12:49:02.284,183.754,2268
2016-02-29 12:49:03.264,182.7302,1442
2016-02-29 12:49:13.044,182.5,405
2016-02-29 12:49:13.636,182.4726,1845
2016-02-29 12:49:17.203,182.2415,3405
2016-02-29 12:49:24.903,180.7736,3760
2016-02-29 12:49:32.292,180.669,1
2016-02-29 12:49:36.892,179.2796,2159
2016-02-29 12:49:41.602,179.0553,1012
2016-02-29 12:49:46.826,180.78,1339
2016-02-29 12:49:49.285,179.834,3961
2016-02-29 12:49:56.991,178.5978,4141
2016-02-29 12:50:00.562,179.2359,2800
2016-02-29 12:50:02.827,177.5227,1313
2016-02-29 12:50:08.355,176.9643,2268
2016-02-29 12:50:14.537,176.3917,575
2016-02-29 12:50:20.088,177.087,1226
2016-02-29 12:50:24.653,175.6369,3748
2016-02-29 12:50:32.635,177.0296,3880
2016-02-29 12:50:36.017,175.3891,1044
2016-02-29 12:50:45.808,175.511,173
2016-02-29 12:50:46.985,174.195,4109
2016-02-29 12:50:54.799,174.5098,2235
2016-02-29 12:50:58.446,173.8186,2357
2016-02-29 12:51:04.377,173.0375,4367
2016-02-29 12:51:11.435,172.9729,4359
2016-02-29 12:51:11.712,171.5095,73
2016-02-29 12:51:14.076,170.0962,1947
2016-02-29 12:51:14.466,171.1981,4793
2016-02-29 12:51:15.169,172.5661,1495
2016-02-29 12:51:17.295,173.1179,3934
2016-02-29 12:51:24.212,173.1932,2324
2016-02-29 12:51:32.562,172.7403,4010
2016-02-29 12:51:36.480,173.1916,2298
2016-02-29 12:51:46.313,171.7735,388
2016-02-29 12:51:51.982,172.2041,2663
2016-02-29 12:51:53.246,171.6114,519
2016-02-29 12:51:58.751,171.6454,1550
2016-02-29 12:52:00.387,172.9798,1601
2016-02-29 12:52:02.880,172.3652,1030
2016-02-29 12:52:10.648,172.6003,142
2016-02-29 12:52:14.901,170.9032,270
2016-02-29 12:52:21.979,169.4834,1511
2016-02-29 12:52:29.656,169.7113,4550
2016-02-29 12:52:32.407,170.2697,3955
2016-02-29 12:52:35.298,171.6626,2372
2016-02-29 12:52:42.996,173.0697,4477
2016-02-29 12:52:43.405,173.6558,4070
2016-02-29 12:52:50.023,174.0694,4900
2016-02-29 12:52:59.881,172.8929,3598
2016-02-29 12:53:00.637,171.3647,3367
2016-02-29 12:53:06.966,171.9749,4501
2016-02-29 12:53:14.105,172.6415,4086
2016-02-29 12:53:23.728,173.8259,3280
2016-02-29 12:53:24.891,172.9294,3509
2016-02-29 12:53:27.265,173.1933,139
2016-02-29 12:53:31.583,173.8573,3295
2016-02-29 12:53:37.668,173.7611,1271
2016-02-29 12:53:40.936,174.9611,4822
2016-02-29 12:53:45.476,176.0516,1581
2016-02-29 12:53:47.946,176.4284,2209
2016-02-29 12:53:52.075,176.8777,1438
2016-02-29 12:53:59.224,175.3304,2559
2016-02-29 12:54:05.941,174.5189,4863
2016-02-29 12:54:15.258,174.7389,1442
2016-02-29 12:54:16.354,175.0306,1833
2016-02-29 12:54:16.393,176.1513,738
2016-02-29 12:54:24.943,177.1455,2153
2016-02-29 12:54:28.528,177.7287,230
2016-02-29 12:54:32.749,178.1761,2151
2016-02-29 12:54:34.203,178.3155,1399
2016-02-29 12:54:39.383,177.5406,1327
2016-02-29 12:54:42.668,178.487,2516
2016-02-29 12:54:51.260,179.4836,1309
2016-02-29 12:54:51.647,179.6948,2769
2016-02-29 12:54:54.373,178.5584,2509
2016-02-29 12:55:00.328,180.2913,1153
2016-02-29 12:55:07.239,181.2309,1114
2016-02-29 12:55:09.606,182.0264,2407
2016-02-29 12:55:17.318,180.6526,2157
2016-02-29 12:55:25.231,179.8889,3271
2016-02-29 12:55:34.154,178.3762,2909
2016-02-29 12:55:43.760,180.0918,1772
2016-02-29 12:55:53.577,180.1418,3511
2016-02-29 12:55:53.749,178.8459,4662
2016-02-29 12:56:03.690,177.1533,670
2016-02-29 12:56:08.327,175.786,2579
2016-02-29 12:56:16.101,176.6406,4915
2016-02-29 12:56:23.263,178.0581,548
2016-02-29 12:56:26.707,177.3158,563
2016-02-29 12:56:35.601,175.6301,1277
2016-02-29 12:56:39.255,174.9129,2308
2016-02-29 12:56:44.364,173.2473,3972
2016-02-29 12:56:54.300,174.5778,3160
2016-02-29 12:57:02.955,175.4022,373
2016-02-29 12:57:07.733,175.1154,4847
2016-02-29 12:57:09.256,176.6759,210
2016-02-29 12:57:13.810,178.1442,3016
2016-02-29 12:57:16.433,177.8222,939
2016-02-29 12:57:24.128,177.9729,82
2016-02-29 12:57:28.621,176.3113,394
2016-02-29 12:57:33.381,176.2082,2764
2016-02-29 12:57:40.799,177.6015,4862
2016-02-29 12:57:41.291,177.4105,983
2016-02-29 12:57:48.712,177.3787,669
2016-02-29 12:57:49.482,175.631,2740
2016-02-29 12:57:55.089,175.2451,325
2016-02-29 12:57:55.399,176.4721,1858
2016-02-29 12:57:59.693,177.2694,4768
2016-02-29 12:58:00.724,178.9583,2142
2016-02-29 12:58:02.178,178.1701,667
2016-02-29 12:58:11.300,178.7621,4809
2016-02-29 12:58:18.369,178.071,3068
2016-02-29 12:58:20.585,177.769,2701
2016-02-29 12:58:26.624,178.1679,2060
2016-02-29 12:58:28.832,176.8738,915
2016-02-29 12:58:34.804,178.3592,109
2016-02-29 12:58:36.344,178.7263,1868
2016-02-29 12:58:39.326,177.1782,1843
2016-02-29 12:58:44.913,177.6031,4966
2016-02-29 12:58:46.076,178.802,255
2016-02-29 12:58:50.624,178.6224,2445
2016-02-29 12:58:53.622,179.5784,1977
2016-02-29 12:58:58.923,178.1638,1079
2016-02-29 12:58:59.534,178.831,780
2016-02-29 12:59:03.713,179.45,401
2016-02-29 12:59:04.491,179.645,2838
2016-02-29 12:59:05.568,178.5019,825
2016-02-29 12:59:07.391,176.7933,553
2016-02-29 12:59:17.091,175.2454,1845
2016-02-29 12:59:20.672,174.3183,2864
2016-02-29 12:59:22.468,173.2267,1722
2016-02-29 12:59:29.542,173.7824,459
2016-02-29 12:59:37.188,172.2324,4709
2016-02-29 12:59:41.704,171.7684,1702
2016-02-29 12:59:51.633,170.2933,588
2016-02-29 12:59:52.147,171.1622,1383
2016-02-29 12:59:53.224,172.2233,1362
2016-02-29 13:00:01.118,173.6994,1099
2016-02-29 13:00:03.805,174.5736,2264
2016-02-29 13:00:08.245,173.7271,1311
2016-02-29 13:00:12.756,173.8885,3381
2016-02-29 13:00:16.656,174.9322,686
2016-02-29 13:00:20.107,173.9436,4596
2016-02-29 13:00:25.283,172.6599,1714
2016-02-29 13:00:33.255,174.0602,2517
2016-02-29 13:00:41.819,172.8383,2841
2016-02-29 13:00:48.392,173.2149,3969
2016-02-29 13:00:48.642,174.6828,122
2016-02-29 13:00:57.763,175.3801,4104
2016-02-29 13:01:01.727,175.1459,1217
2016-02-29 13:01:11.649,176.5695,1422
2016-02-29 13:01:17.945,175.2251,1118
2016-02-29 13:01:21.251,175.197,2251
2016-02-29 13:01:29.551,176.5529,778
2016-02-29 13:01:38.982,174.8516,1060
2016-02-29 13:01:47.544,175.6473,1994
2016-02-29 13:01:54.288,176.6327,314
2016-02-29 13:01:56.049,175.2917,4000
2016-02-29 13:01:59.083,175.38,1217
2016-02-29 13:01:59.980,173.9086,828
2016-02-29 13:02:01.067,174.1211,1842
2016-02-29 13:02:01.204,172.4128,2685
2016-02-29 13:02:06.970,171.2543,3813
2016-02-29 13:02:13.233,170.6046,1897
2016-02-29 13:02:16.229,170.8581,4859
2016-02-29 13:02:20.849,169.2285,2539
2016-02-29 13:02:22.828,169.7572,2326
2016-02-29 13:02:32.474,170.6375,1253
2016-02-29 13:02:40.072,172.3076,3740
2016-02-29 13:02:48.996,171.9373,3674
2016-02-29 13:02:51.963,170.4466,2097
2016-02-29 13:02:56.434,169.7404,1625
2016-02-29 13:02:58.798,169.4075,2790
2016-02-29 13:03:04.617,169.0856,1172
2016-02-29 13:03:07.372,168.7147,1752
2016-02-29 13:03:09.429,167.2516,2631
2016-02-29 13:03:14.419,166.404,273
2016-02-29 13:03:20.992,166.3243,163
2016-02-29 13:03:24.618,166.2355,919
2016-02-29 13:03:30.740,164.9518,4236
2016-02-29 13:03:39.286,166.058,2914
2016-02-29 13:03:41.349,166.7518,2083
2016-02-29 13:03:48.833,166.1261,2694
2016-02-29 13:03:49.041,166.7324,3553
2016-02-29 13:03:50.462,166.4989,2642
2016-02-29 13:03:59.539,165.7297,3323
2016-02-29 13:04:07.795,164.4935,1233
2016-02-29 13:04:10.473,164.1531,1983
2016-02-29 13:04:20.455,165.1787,3602
2016-02-29 13:04:25.645,166.1134,3190
2016-02-29 13:04:27.081,165.2584,3512
2016-02-29 13:04:33.244,164.8792,4982
2016-02-29 13:04:42.041,166.0426,3209
2016-02-29 13:04:42.242,164.8136,979
2016-02-29 13:04:49.546,164.0898,3295
2016-02-29 13:04:49.704,163.1832,1011
2016-02-29 13:04:57.500,164.7073,273
2016-02-29 13:05:07.152,164.9535,3468
2016-02-29 13:05:10.053,164.246,465
2016-02-29 13:05:17.894,165.6361,1842
2016-02-29 13:05:23.417,165.5154,4816
2016-02-29 13:05:26.759,166.1797,2186
2016-02-29 13:05:32.602,165.3795,4581
2016-02-29 13:05:37.775,164.2922,128
2016-02-29 13:05:42.177,165.8661,1100
2016-02-29 13:05:42.927,166.0507,2716
2016-02-29 13:05:43.837,165.0035,3086
2016-02-29 13:05:45.987,164.385,3984
2016-02-29 13:05:50.974,165.1804,3601
2016-02-29 13:05:54.574,166.8084,2444
2016-02-29 13:05:57.406,166.8519,2579
2016-02-29 13:06:01.077,168.0443,2225
2016-02-29 13:06:05.817,166.4095,219
2016-02-29 13:06:13.706,166.9917,701
2016-02-29 13:06:18.486,165.9526,505
2016-02-29 13:06:19.567,164.9948,2037
2016-02-29 13:06:22.295,165.8194,729
2016-02-29 13:06:24.558,166.9453,938
2016-02-29 13:06:26.710,168.3816,4360
2016-02-29 13:06:28.720,170.0582,3576
2016-02-29 13:06:38.563,170.9326,3246
2016-02-29 13:06:40.260,171.6764,3578
2016-02-29 13:06:41.736,172.6321,4486
2016-02-29 13:06:45.265,173.8295,2120
2016-02-29 13:06:47.929,173.2045,4872
2016-02-29 13:06:52.489,171.6424,2640
2016-02-29 13:06:59.039,171.8453,4613
2016-02-29 13:07:06.387,172.3093,4360
2016-02-29 13:07:09.759,173.6825,2640
2016-02-29 13:07:16.518,173.763,2659
2016-02-29 13:07:17.206,174.1973,197
2016-02-29 13:07:17.321,174.2446,589
2016-02-29 13:07:21.541,174.0833,243
2016-02-29 13:07:24.991,174.8359,4378
2016-02-29 13:07:34.414,174.3755,604
2016-02-29 13:07:42.293,173.2774,3566
2016-02-29 13:07:45.435,172.9566,4238
2016-02-29 13:07:52.108,172.2099,3983
2016-02-29 13:08:01.303,173.0568,110
2016-02-29 13:08:07.781,173.735,4325
2016-02-29 13:08:17.588,172.7744,681
